2848 4636
683 218 720 294 ie

570 311 860 334 tadu—nm...-

134 428 247 494 celluit.
302 409 400 508 Quam
428 431 523 496 verbs
551 433 645 500 rebus
677 455 738 500 rex
776 456 905 519 operam
941 397 1065 510 dederit
1098 445 1156 512 hac
1191 449 1298 518 tabule
1408 419 1409 428 ἵ

134 534 283 600 librorum
305 535 373 615 ejus
394 554 580 618 cognosces:

135 649 163 706 1.
181 642 339 728 Ῥωμαῐαῆ
361 641 497 725 ἱστορία.Ι
718 655 745 714 7.
766 653 849 733 Περὶ
870 652 966 717 ὀποῦ.

133 757 160 817 2.
183 749 371 832 Ἀσσοροααᾰ
390 751 460 816 libr.
483 753 518 818 Il.
714 761 742 820 8.
765 758 848 842 Περὶ
867 761 1022 848 γραφικῆςΙ
1042 764 1110 830 libr.
1126 767 1199 832 min.
1209 767 1294 834 VIII.

133 864 159 923 3.
182 855 340 941 Ἄραβοκά.
715 869 744 927 9.
767 867 926 950 Θεατρική
947 868 1073 955 ἱστορία
1083 872 1134 938 lib.
1145 891 1183 937 m.
1196 875 1294 940 XVII.

131 973 159 1030 4.
181 962 312 1047 Λιβοκά
334 963 404 1028 libr.
427 965 501 1031 min.
523 966 577 1030 Ill.
716 973 761 1034 10;
784 970 983 1054 Ὁμοιότητες
1003 976 1073 1042 libr.
1092 980 1164 1044 min.
1186 981 1251 1046 XV.

131 1078 158 1137 s.
182 1071 376 1153 physiologa.
417 1119 418 1125 a
586 1057 590 1067 “
715 1078 761 1137 11.
785 1075 867 1155 Περὶ
890 1081 1022 1160 φθορᾶς
1042 1084 1157 1160 λέξεως
1177 1088 1196 1151 1.
1204 1107 1243 1152 m.
1253 1089 1292 1155 Η.

130 1185 157 1244 6.
180 1180 226 1244 De
249 1176 432 1259 Euphorbia
452 1177 560 1242 herba.
715 1181 759 1260 12,
780 1177 995 1266 Ἐπίγραμμα.

211 1285 259 1349 Ex
280 1301 343 1365 qua
364 1283 466 1366 vides,
495 1284 580 1350 illum
608 1287 645 1346 de
673 1283 891 1354 diversissimis
915 1288 1029 1374 rebus,
1060 1292 1203 1374 pluribus
1225 1299 1291 1364 tere

117 1405 251 1474 'semper
272 1391 360 1455 libris
381 1390 491 1471 egisse.
534 1389 611 1454 Jure
622 1381 917 1474 meritoque‘igitur·
927 1395 1106 1464 Athenaeus
1128 1401 1183 1482 111,
1202 1404 1289 1484 83,ss
1323 1459 1325 1464 ,

128 1477 242 1567 Jubam
263 1493 369 1586 ἄνδρα
391 1496 689 1585 πολομαθέσταοον
711 1499 860 1579 appellat.

211 1606 293 1671 Sunt
313 1610 419 1668 autem
444 1603 496 1684 qui
516 1602 722 1684 contendant,
748 1605 863 1670 dubam
889 1607 996 1692 docte,
1027 1611 1082 1676 sed
1102 1611 1169 1675 sine
1184 1612 1289 1694 Jndioii
1408 1601 1409 1608 '

125 1713 266 1780 acumine
287 1711 401 1776 litteris
424 1727 550 1790 operam
579 1708 717 1790 dedisse;
747 1711 784 1774 ci.
812 1711 926 1777 Miller
947 1716 999 1780 Fr.
1021 1716 1061 1780 H.
1084 1717 1122 1783 G.
1144 1718 1200 1799 ΙΙΙ,Ι
1219 1703 1289 1800 les,

125 1821 200 1899 nisi,
240 1821 273 1883 ui
299 1817 408 1898 fallor,
449 1815 690 1895 fragmentorum
719 1820 928 1900 argumentis,
967 1822 1079 1901 quibus
1109 1823 1288 1889 fabularum
1408 1872 1409 1896 ,

15 1918 20 1938 ’
125 1946 213 1993 amor
234 1924 335 1989 nostri
357 1923 488 1987 eluceat.
541 1923 585 1988 Re
617 1943 691 1988 vera
719 1943 738 1988 a
767 1924 880 1990 fabulis
911 1927 1077 1992 narrandis
1105 1928 1189 1994 Juba
1220 1949 1288 1996 sese

124 2053 185 2099 non
207 2031 359 2098 abstinuit
380 2029 434 2095 sed
453 2047 528 2094 cave
546 2029 626 2095 falsa
649 2033 812 2113 espancis
840 2031 901 2097 illis
929 2034 1106 2115 particulis,
1142 2053 1224 2116 quae
1248 2055 1286 2100 ex

124 2135 225 2205 Jubae
247 2137 391 2221 operibns
411 2135 451 2200 ad
478 2143 780 2218 nospervenerunt,
814 2139 986 2205 concludas.
1035 2139 1167 2207 Constat
1195 2143 1285 2224 enim,

123 2247 290 2327 scriptores
311 2243 457 2325 antiquos
469 2249 590 2308 -suut
611 2250 713 2309 autem
735 2229 851 2328 omnia,
870 2263 951 2327 quae
967 2253 1093 2313 exstant
1109 2247 1285 2330 fragmenta

122 2373 159 2433 en
181 2349 384 2433 scriptoribus
408 2351 591 2431 deprompta
617 2388 655 2398 -
676 2353 714 2417 iis
735 2353 933 2434 potissimum
966 2354 1042 2420 locis
1071 2355 1111 2420 ad
1142 2356 1290 2422 auctores

124 2478 196 2526 suos
217 2475 402 2540 provocare,
415 2457 476 2534 ,nbi
498 2476 601 2523 rerum
623 2458 812 2542 traditarum
832 2460 1003 2541 periculum
1031 2480 1052 2527 a
1082 2480 1116 2526 se
1141 2470 1284 2528 evertere

121 2565 294 2646 student*).
339 2563 420 2642 Quid
444 2564 483 2629 de
504 2564 665 2630 Herodoto
682 2565 903 2649 judicaremus,
924 2567 951 2632 si
969 2569 1077 2650 paucis
1099 2569 1283 2650 fragmentis

120 2673 244 2738 fabulae
271 2672 424 2752 quaedam
451 2676 640 2756 exstarent,¹
665 2690 744 2752 opus
765 2674 866 2753 ipsum
887 2681 992 2738 autem
1012 2676 1178 2756 periisset?
1208 2677 1283 2739 Pro-

88 2805 90 2810 ·
119 2781 199 2848 fecto
228 2779 317 2842 valde
339 2795 531 2858 erraremus,
567 2778 594 2841 si
617 2777 737 2842 exiliis
759 2778 1025 2860 concluderemus,
1057 2781 1124 2844 veri
1145 2781 1282 2846 studium

119 2886 273 2952 Herodoti
293 2903 431 2966 parvum,
454 2884 547 2948 fidem
568 2889 673 2948 autem
688 2883 869 2950 historicam
884 2887 1041 2950 minimam
1060 2885 1166 2952 fuisse.
1196 2887 1281 2952 Idem

117 2995 150 3059 in
173 2993 288 3060 Jubem
311 2992 424 3057 cadere
447 3009 568 3056 censeo„
611 2991 680 3069 Qua
705 2991 746 3068 ,de
777 3009 871 3057 causa
900 2992 930 3055 in
960 2991 1191 3057 condemnenda
1218 2993 1280 3060 fide

117 3100 267 3166 historica
288 3087 389 3163 nostri
410 3103 499 3163 caute
519 3099 672 3180 agendum
692 3100 761 3177 erit,
781 3098 964 3178 praesertim
987 3115 1082 3178 quum
1103 3101 1279 3182 antiquitus

118 3208 176 3272 viri
199 3223 339 3270 summae
360 3205 557 3270 auctoritatis
581 3206 795 3270 ei'maximam
819 3203 910 3267 fidem
933 3202 1107 3270 habuerint.

199 3314 288 3378 Inter
304 3331 358 3378 eos
377 3314 538 3393 Angustus
557 3312 726 3392 imperator
747 3308 906 3392 ponendus
928 3315 986 3391 est,
1007 3311 1059 3392 qui
1073 3329 1166 3393 quum
1182 3311 1278 3377 Gaius

101 3420 233 3486 'Caesar
253 3407 336 3484 filius
358 3439 386 3484 a.
410 3423 435 3483 1.
457 3437 484 3484 a.
509 3417 580 3482 Chr.
603 3418 830 3508 expeditionem
852 3416 1029 3482 Parthicam
1058 3422 1091 3482 et
1112 3419 1277 3482 Arabicam

117 3529 294 3606 metirent,
328 3545 365 3590 ex
399 3526 568 3606 sexcentis,
614 3526 665 3607 qui
697 3526 727 3588 in
760 3529 908 3605 promptu
943 3529 1034 3608 erant
1063 3526 1138 3590 viris
1170 3525 1277 3602 doctis,

116 3635 231 3699 Jubam
252 3633 364 3713 elegit,
396 3633 447 3713 qui
474 3633 515 3697 ad
543 3631 712 3697 docendum
732 3631 875 3713 juvenem
898 3631 936 3695 de
965 3621 1127 3712 regionum
1154 3637 1275 3710 natura,

182 3886 208 3951 *J
227 3883 273 3954 Id,
292 3883 364 3951 quod
382 3883 491 3952 saepius
510 3882 628 3951 ab-ipsis
648 3883 826 3952 scriptoribus
848 3882 955 3938 disertis
978 3880 1067 3935 verbis
1091 3883 1215 3947 urgetur3
1240 3880 1274 3936 of.

115 3977 179 4032 Sall.
199 3977 260 4046 Jug.
281 3977 320 4032 17.
342 3977 501 4047 „Caeterum
522 3975 588 4030 fides
608 3978 666 4044 ojus
685 3979 725 4030 rei
743 3993 828 4046 pones
848 3976 924 4043 ipsos
943 3979 1068 4028 auctores
1087 3973 1147 4029 sit“.
1164 4005 1196 4013 —
