2848 4636
221 760 323 839 Quum
345 762 377 825 iu
397 761 533 844 Appiani
555 761 627 826 libri
650 765 754 828 octavi
782 769 873 845 parte
898 767 1004 848 priore
1024 767 1081 848 (oc.
1104 773 1219 854 1-66)
1246 793 1302 840 nec

138 869 276 934 auctoris
310 886 421 932 nomeu
470 868 671 952 exhibeatur,
720 871 802 954 quod
837 871 934 937 fontis
977 875 1159 955 explorandi
1195 896 1304 945 ansam

137 974 286 1039 adhihere
312 977 483 1056 possimus,
516 993 573 1041 uec
592 976 674 1042 ullus
704 996 808 1043 rerum
833 980 984 1062 scriptor,
1014 999 1085 1046 cum
1106 1001 1171 1063 uuo
1195 993 1305 1053 noster

137 1083 310 1162 comparari
328 1081 429 1163 possit
443 1087 556 1164 exstet,
579 1101 659 1148 nova
683 1085 733 1147 via
754 1089 787 1149 et
808 1085 976 1168 evulgari,
998 1104 1091 1168 quam
1109 1090 1140 1153 in
1161 1091 1303 1160 fontibus

136 1187 338 1268 exquirendis
369 1189 456 1270 sequi
487 1189 603 1270 solent,
639 1191 765 1256 diversa
796 1192 931 1258 ineunda
960 1193 1030 1259 erit.
1081 1195 1178 1261 Nobis
1209 1201 1303 1284 euim,

136 1313 232 1376 quum
256 1296 410 1377 externis,
441 1313 521 1378 quae
543 1302 708 1378 vocantur,
729 1300 921 1379 argumentis
942 1300 1084 1366 destituti
1106 1302 1209 1383 simus,
1231 1305 1302 1386 ipsa

135 1401 269 1482 Appiani
290 1402 392 1482 ratio,
423 1421 484 1484 qua
514 1403 547 1467 iu
569 1404 737 1470 condendis
760 1405 897 1472 historiis
919 1408 966 1472 uti
987 1407 1082 1488 solet,
1115 1409 1196 1474 viam
1218 1429 1301 1475 com·

133 1514 310 1572 monstrare
332 1513 364 1573 et
386 1514 502 1573 natura
523 1515 621 1592 atque
644 1510 764 1576 indoles
787 1515 996 1597 narrationis,
1023 1533 1112 1596 quam
1136 1516 1299 1597 Appianus

134 1615 154 1680 l.
177 1633 202 1680 c
226 1614 366 1696 exhibet,
388 1615 538 1696 digitum,
560 1621 597 1682 ut
618 1616 740 1697 dicunt,
761 1618 801 1682 ad
822 1618 927 1684 fontes
948 1621 1114 1688 intendere
1136 1623 1238 1688 debet.

215 1721 264 1786 De
282 1721 426 1802 consilio,
458 1721 543 1803 quod
569 1722 602 1786 iu
631 1723 795 1788 scribenda
823 1724 955 1790 historia
976 1727 1118 1793 Romana
1138 1730 1298 1812 Appianas
1404 1815 1405 1826 ρ

133 1828 192 1894 sibi
213 1832 439 1909 proposuerat,
461 1828 530 1908 ipse
546 1827 810 1896 luculentissimus
832 1831 923 1896 testis
944 1835 1010 1913 est,
1031 1849 1125 1914 quum
1147 1837 1179 1899 iu
1199 1835 1298 1918 prael.

134 1953 201 2016 cap.
226 1940 264 1998 12
293 1935 405 1998 haecce
432 1934 532 1997 dieat:
570 1935 634 1998 Καὶ
662 1933 741 1997 τόδε
766 1935 946 2014 (historiam
971 1937 1157 2015 Romanurn)
1183 1941 1299 2004 πολλοὶ

132 2045 195 2123 μὲν
214 2039 372 2124 Ἑλλήνων
392 2039 506 2102 πολλοὶ
534 2039 572 2102 δὲ
589 2039 752 2121 Ῥωμαίων
781 2049 1002 2132 συνέγραψαν.
1028 2077 1069 2089 -
1096 2043 1172 2106 Ἀλλ’
1192 2045 1298 2124 ἐντογ-
1404 2099 1405 2104 ,

130 2145 276 2227 χάνοντά
295 2169 337 2228 με
358 2145 412 2208 καὶ
433 2145 494 2229 τήν
515 2145 634 2231 άρετήν
663 2146 773 2210 αὐτῶν
801 2149 916 2233 ἐντελῆ
941 2149 1020 2213 καθ’
1039 2151 1177 2214 ἕκαστον
1200 2152 1299 2223 ἔθνος

130 2255 214 2318 ἰδεῖν
244 2252 406 2316 ἐθέλοντα
434 2253 602 2336 άπέφερεν
629 2253 650 2338 ἦ
675 2254 783 2339 γραφή
808 2255 961 2330 πολλάκις
989 2256 1059 2319 άπό
1091 2255 1298 2340 Καρχηδόνος

130 2362 188 2424 ἐπὶ
198 2359 328 2443 Ἴβηρας
349 2361 404 2422 καὶ
426 2361 462 2436 ἐξ
482 2358 615 2444 Ἰβήρων
638 2361 670 2434 ἐς
690 2361 840 2425 Σικελίαν
859 2360 882 2446 ἦ
902 2363 1166 2426 Μακεδονίαν-
1182 2360 1296 2443 ὥσπερ

130 2465 412 2548 ἀλώμενον-ἕως
431 2454 471 2528 οὗ
490 2468 532 2529 τά
552 2475 634 2551 μέρη
655 2466 835 2552 συνήγαγον
858 2471 1045 2552 &paveni-
1058 2470 1123 2534 Καὶ
1142 2467 1220 2532 τόδε
1240 2491 1297 2550 μοι

129 2575 199 2638 κατ’
222 2576 320 2648 ἔθνος
348 2574 486 2638 ἕκαστον
507 2574 665 2658 ἐπράχθη
686 2576 872 2660 βουλομένῳ
901 2579 944 2640 τά
972 2578 1004 2652 ἐς
1033 2575 1190 2648 ἑκάστους
1219 2577 1296 2658 ἔργα

128 2683 290 2764 Ῥωμαίων
312 2684 532 2762 καταμαθεῖν.

212 2787 260 2852 Ex
289 2787 337 2851 his
365 2786 468 2851 verbis
497 2785 575 2852 satis
602 2791 707 2868 patet,
738 2792 879 2853 nostrum
910 2804 971 2850 non
999 2785 1137 2851 fontibus
1164 2787 1294 2852 diversis

129 2893 328 2977 exquirendis
364 2900 396 2959 ct
430 2893 649 2976 comparandis
683 2911 785 2975 neque
816 2893 905 2958 novis
936 2891 1032 2958 rebus
1061 2894 1209 2959 eruendis
1236 2899 1292 2958 aut

128 3001 216 3067 falsis
236 3000 409 3066 refutandis
431 3019 556 3082 operam
585 2999 722 3082 dedisse;
751 3000 844 3064 immo
867 2999 968 3080 vides,
1005 3017 1076 3064 eum
1103 3000 1135 3064 id
1160 3001 1292 3065 maxime

129 3108 247 3189 egisse,
274 3113 311 3172 ut
334 3125 384 3174 res
404 3106 551 3188 vulgatas
581 3112 613 3172 et
639 3126 658 3172 a
687 3107 819 3172 caeteris
842 3105 976 3171 traditas
999 3122 1080 3170 nova
1102 3106 1292 3172 narrationis

130 3216 229 3280 forma
250 3222 283 3280 et
304 3214 336 3278 in
351 3233 441 3280 suum
464 3219 497 3279 et
510 3215 542 3278 in
557 3212 688 3278 aliorum
707 3231 797 3277 usum
812 3213 961 3277 redderet
981 3217 1077 3295 atque
1090 3217 1292 3295 propagaret.

128 3323 238 3405 Itaque
259 3321 349 3386 focile
371 3320 580 3402 intellegitur,
614 3321 791 3402 Appianum
819 3337 883 3384 uon
913 3319 1081 3386 multorum
1104 3321 1291 3402 scriptorum

129 3433 275 3509 excerpta
297 3429 542 3506 contaminasse3
569 3426 624 3491 sed
647 3445 683 3489 ex
703 3426 762 3490 hac
782 3428 851 3507 ipsa
871 3428 974 3508 operis
996 3428 1194 3492 institutione
1218 3445 1291 3491 con-

129 3535 211 3600 cludi
234 3540 338 3616 potest
360 3569 400 3582 ·-
421 3535 454 3599 id
478 3533 675 3615 quodetiam
696 3533 1018 3598 aliundeconstat—
1040 3541 1181 3598 nostrum
1205 3538 1289 3596 certo

129 3643 276 3723 temporis
299 3642 400 3722 spatio
423 3640 471 3704 vel
490 3639 620 3720 epocha,
647 3657 742 3720 quam
762 3641 885 3722 dicunt,
915 3660 1009 3706 uuum
1030 3640 1210 3718 scriptorem
1231 3638 1290 3703 sibi

128 3749 318 3815 narrationis
342 3748 432 3829 quasi
454 3746 688 3812 fundamentum
710 3747 846 3828 elegisse.

215 3855 373 3935 Quomodo
410 3859 514 3920 autem
557 3853 640 3919 hunc
677 3853 778 3936 ipsum
812 3857 972 3919 auctorem
1014 3855 1151 3915 tractare
1186 3850 1290 3916 solet?

130 3964 241 4029 Utrum
263 3963 359 4028 verba
380 3963 447 4045 eJ‘us
469 3961 636 4043 diligenter
658 3979 782 4027 servare
801 3966 834 4026 et
854 3961 899 4024 ita
914 3958 1004 4039 quasi
1026 3955 1155 4023 oliorum
1175 3959 1289 4024 scrinia
