2848 4636
665 235 701 294 12
852 316 854 322 Ι

55 416 59 422 ’
103 434 206 514 posita
228 452 295 500 esse
316 436 440 501 videtur
462 473 495 482 -
520 437 602 518 quod
623 455 680 518 per
701 456 734 502 se
760 438 837 503 satis
859 419 1057 504 memorabile
1077 444 1127 506 est
1146 442 1265 508 -sed

104 541 198 604 ctiam
221 541 421 608 Massinissae
443 543 588 608 laudandi
610 563 704 610 causa
726 563 776 610 res
800 563 918 611 avano
942 545 1120 629 finguntur,
1142 554 1199 615 aut
1216 551 1263 614 ita

55 679 56 684 =
103 647 294 731 redduntur,
324 656 361 715 ut
389 668 409 715 a
436 669 510 714 vero
544 651 637 730 longe
672 651 868 717 abhorreant.
929 653 995 718 Hoc
1020 654 1086 736 jam
1115 658 1263 739 exemplis

102 753 263 820 illustrare
281 757 382 822 liceat.
424 757 562 822 Primum
583 757 707 838 quidem
721 763 835 823 auctor
849 754 957 824 noster
977 761 1009 824 iu
1032 761 1190 827 laudando
1202 782 1262 828 non

26 863 29 869 “
102 879 216 940 parcus
244 869 307 928 est:
344 883 369 929 c.
395 870 433 929 10
458 901 491 910 -
513 859 582 928 dact
610 865 747 946 dodoci
763 865 990 948 (Massinissae)
1017 868 1072 930 aad
1097 869 1135 931 ad
1167 864 1264 951 ortua

59 1025 60 1030 ,
102 967 190 1052 καλῷ
208 970 262 1032 καὶ
277 970 342 1058 σὸν
362 967 487 1053 τρόπον
505 971 639 1054 ἀρίστῳ.
657 1007 696 1017 -
715 991 740 1038 c.
759 977 795 1035 12
819 973 1076 1058 Μασσανάσσης
1093 974 1131 1038 δὲ
1152 974 1264 1040 πόνων
1365 1036 1367 1040 .

101 1077 206 1140 πᾶσιν
235 1077 357 1160 ἐξῆρχε.
419 1078 605 1159 Sedunum
641 1097 674 1143 re
712 1094 786 1160 vera
815 1079 998 1146 Massinissa
1028 1081 1119 1147 laude
1151 1083 1264 1165 dignus

56 1197 59 1200 ·
101 1180 213 1262 fuerit,
233 1183 292 1248 huc
315 1201 375 1248 non
397 1201 533 1266 urgeam.
855 1201 856 1205 ’

183 1289 303 1354 Deinde
325 1297 428 1376 autem
449 1291 540 1357 facile
562 1293 773 1372 cognoscitur,
802 1293 935 1374 Appiani
965 1299 1121 1358 auctorem
1151 1295 1263 1360 Massi-

101 1396 203 1460 nissae
224 1397 295 1478 plus
313 1399 400 1478 justo
421 1397 534 1463 favere.
576 1399 675 1481 Hujus
698 1401 742 1464 rei
759 1399 1035 1464 luculentissimum
1052 1401 1260 1486 testimouium

91 1493 131 1566 'in
153 1521 220 1585 cap.
245 1509 292 1568 37.
315 1510 427 1569 exstat.
480 1505 556 1582 Quis
587 1505 667 1569 euim
696 1505 866 1592 crediderit
892 1511 1018 1587 nostro,
1046 1506 1260 1574 Massinissam

63 1669 64 1674 ,
99 1615 227 1690 propter
247 1629 384 1677 amorem
408 1612 494 1676 urbis
517 1611 716 1692 Carthaginis
744 1611 845 1694 (cujus
873 1619 948 1677 tunc
973 1613 1072 1678 hostis
1100 1616 1181 1697 erat)
1201 1616 1261 1695 „cd

99 1715 230 1798 ἀξίωμα
257 1721 312 1801 τῆς
341 1716 465 1792 πόλεως
492 1715 706 1798 αἰδούμενος“
740 1719 878 1784 inducias
909 1719 1096 1785 conciliasse.
1150 1722 1262 1786 Nonne

98 1823 166 1888 luce
187 1824 300 1888 clarius
324 1833 386 1906 est,
413 1825 481 1891 hoc,
500 1827 548 1890 sui
577 1826 675 1907 ipsius
706 1826 857 1910 commodi
887 1843 982 1890 causa
1010 1826 1114 1891 abeo
1143 1827 1262 1892 factum

100 1931 189 1996 esse?
210 1967 251 1978 —
271 1932 317 1996 De
329 1932 464 2013 partium
479 1932 592 2012 studio,
612 1933 695 2014 quod
715 1951 752 1997 ex
773 1932 858 2013 pacis
880 1931 1013 2010 legibus,
1034 1949 1111 2012 quas
1131 1929 1262 2013 legimus

78 2036 130 2100 -in
153 2055 218 2119 cap.
241 2043 297 2119 54,
328 2037 441 2120 elucet,
458 2037 533 2118 ''jam
562 2039 705 2120 pluribus
735 2038 838 2103 uerbis
868 2038 933 2118 egit
955 2037 1095 2120 Nissen
1117 2038 1163 2101 De
1185 2057 1260 2118 pace

99 2149 130 2208 ai
147 2147 203 2209 201
230 2144 335 2208 Carth.
354 2145 430 2216 data
449 2164 482 2225 p.
496 2151 542 2210 18.
571 2181 605 2190 -
636 2145 709 2229 dam
731 2163 803 2210 vero
831 2161 920 2208 nemo
948 2161 1009 2207 nun
1038 2139 1122 2208 videt
1149 2143 1260 2208 Massi.

98 2251 201 2316 nissae
222 2253 339 2316 merita
353 2252 384 2316 in
401 2253 558 2318 Romanos
572 2253 699 2318 consilio
720 2255 838 2315 atarto
859 2249 964 2314 multis
985 2250 1087 2314 verbis
1106 2249 1258 2314 illustrari
1336 2305 1337 2310 ,
1361 2249 1363 2287 ³

97 2363 193 2439 atquo
213 2359 328 2440 urgeri.
371 2359 500 2425 Duobus
520 2359 601 2424 enim
622 2353 706 2439 locis,
728 2359 758 2423 in
781 2375 869 2438 capp.
888 2361 933 2422 13.
954 2361 986 2422 et
1005 2362 1051 2422 19.
1068 2339 1262 2422 'Massinissa

51 2525 54 2533 .
98 2481 158 2532 uun
180 2465 271 2530 modo
293 2465 439 2554 adjutor,
466 2467 520 2531 sed
545 2465 694 2530 liberator
720 2483 756 2530 ac
778 2464 891 2550 ‘vindex
916 2464 1259 2559 Romanorumaperte
1328 2515 1331 2523 .

98 2571 298 2653 significatur.
340 2573 376 2636 Iu
397 2591 463 2654 cap.
486 2577 524 2636 22
547 2572 732 2638 Massinissa
754 2571 840 2646 sulus
855 2569 1006 2651 Syphacis
1022 2576 1127 2636 castra
1141 2571 1259 2651 cepisse

98 2678 226 2760 dicitur,
247 2695 343 2759 quum
364 2697 381 2742 e
401 2674 528 2758 Polybio
543 2679 624 2762 XIV,
644 2687 664 2741 4
685 2683 817 2758 constet,
838 2675 1052 2741 Massinissam
1077 2676 1179 2739 Laelio
1202 2677 1258 2740 ad·

93 2778 198 2860 jutore
218 2777 249 2840 id
271 2775 402 2865 fecisse„
421 2815 463 2830 --
478 2779 524 2844 ,Ισ
547 2797 613 2860 cap.
634 2783 682 2842 26.
711 2778 749 2843 de
770 2777 864 2844 rebus
885 2781 982 2860 gestis
1003 2781 1204 2846 Massinissae
1224 2785 1258 2847 et

97 2885 302 2949 Numidarum
343 2884 442 2949 multa
477 2886 574 2950 verba
612 2885 705 2966 fiunt,
755 2903 848 2967 quum
883 2907 899 2950 e
935 2887 1023 2952 Livio
1064 2893 1255 2969 compertum

74 2991 284 3071 habeamus,
312 2991 462 3058 Numidas
488 2993 528 3056 ad
556 2993 717 3058 victoriam
745 2992 784 3058 de
805 2993 947 3075 Syphace
968 2994 1192 3074 reportandam
1213 2994 1256 3059 nil

98 3099 276 3174 contulisse,
288 3099 383 3164 immo.
395 3118 433 3162 ue
444 3099 600 3165 sustinere
610 3099 730 3180 quidem
738 3100 880 3180 potuisse
894 3100 1041 3181 impetum
1052 3099 1255 3182 Syphacis-

96 3204 214 3271 Deinde
226 3204 366 3270 conferas
385 3204 477 3270 velim
491 3205 604 3269 haecce
618 3205 752 3286 Appiani
765 3207 859 3272 verba
875 3225 941 3288 cap.
953 3211 1008 3271 26:
1033 3211 1101 3271 Τοῦ
1118 3205 1257 3271 d’aa'coai

95 3313 249 3395 χειμῶνας
278 3345 317 3358 ·-
343 3309 599 3394 Μασσανάσσης
615 3379 617 3386 ,
631 3307 751 3394 ᾔτησεν
784 3313 841 3376 ἐπὶ
880 3317 922 3398 τῇ
955 3313 1024 3398 ἰδίᾳ
1049 3317 1193 3396 ’στρατιᾷ
1216 3313 1256 3374 ad

95 3423 203 3498 τρίταν
218 3421 274 3502 τῆς
293 3417 467 3504 Ῥωμαικῆς
484 3415 575 3499 παρα
587 3421 796 3497 saturabor,
819 3437 889 3484 cum
904 3420 986 3486 hisce
1001 3418 1102 3484 verbis
1117 3419 1256 3484 Liuianis

94 3525 194 3607 XXX,
209 3530 243 3589 9:
266 3524 415 3590 »Postero
435 3526 485 3590 die
507 3524 609 3605 Scipio
628 3523 770 3589 Laelium
790 3524 1066 3608 Massinissamque
1087 3525 1255 3590 cumomni

95 3632 235 3696 Romano
275 3637 308 3696 ut
346 3615 508 3697 Numidico
545 3631 689 3712 equitatu
724 3631 766 3695 ad
800 3633 1048 3713 persequendum
1082 3629 1254 3711 Syphacem

95 3738 219 3802 mittit«.
271 3737 369 3815 Quam
402 3738 545 3802 diversus
580 3738 770 3803 narrationis
802 3739 899 3804 color!
941 3738 1021 3802 Nam
1050 3752 1124 3800 cave
1153 3741 1256 3817 putes,

91 3863 168 3934 casu
193 3845 325 3926 quodam
353 3845 437 3926 apud
467 3845 642 3925 Appianum
669 3844 882 3910 Massinissam
914 3848 946 3908 et
974 3842 1126 3910 Numidas
1152 3844 1253 3924 primo

94 3951 160 4015 loeo
175 3952 327 4016 nominari
342 3957 437 4033 atque
449 3952 508 4016 dici
519 3950 794 4035 ,Μασσανάσσης
810 3947 930 4035 ᾔτησεν
945 3949 1255 4031 παραΣκιπίωνοςίζ

95 4076 188 4138 quum
209 4059 291 4140 apud
310 4059 431 4125 Livium
451 4060 551 4139 Scipio
573 4057 641 4137 ipse
661 4056 876 4122 Massinissam
902 4059 949 4124 ire
969 4059 1087 4139 J'ubeat.
