2848 4636
37 569 40 574 Ι
86 487 315 562 ἐπιδείξαντες.
360 487 465 567 Longe
491 487 584 552 aliter
611 488 689 569 App.
714 493 761 553 27.
792 525 833 534 -
865 490 954 567 Quae
981 491 1055 554 Zon.
1086 490 1183 556 4400
1213 493 1257 557 de*

87 593 228 676 Syphace
262 587 295 658 et
327 593 470 658 Vermina
506 594 618 672 tradit,
657 613 695 658 ex
733 596 850 660 incerto
882 597 1017 677 quodam
1050 598 1132 662 malo
1163 585 1250 664 fonte

86 701 250 782 desumpta
271 707 360 782 sunt;
392 705 468 766 nam
487 700 566 765 falso
587 695 739 782 traditur,
769 702 947 767 Verminam
969 703 1100 768 Romam
1123 705 1248 770 ductum

48 845 50 848 -
85 825 169 888 esse,
200 808 292 872 immo
322 825 350 871 a.
372 811 431 872 202
461 826 489 872 a.
521 805 592 872 Chr.
623 807 744 872 Poenos
773 809 912 873 exercitu
940 809 1076 890 adJuvit3
1114 810 1152 895 cl.
1182 813 1249 876 liv.

83 915 181 994 XXX,
205 919 252 978 36.
282 951 314 960 -
346 915 406 978 Per
425 915 499 978 Zon.
523 914 556 978 P.
581 920 593 977 l
622 920 682 992 440
704 915 747 996 D;
778 915 865 980 Cass.
890 915 951 980 bio
980 915 1018 981 fr.
1039 923 1087 997 57,
1117 923 1156 982 74
1184 907 1261 983 cer·¹

84 1022 181 1085 tiores
203 1021 295 1086 fimus
318 1023 357 1084 de
377 1020 772 1102 pacis‘deliberationibus.
814 1023 880 1086 Has
899 1041 950 1086 res
971 1022 1030 1086 Dio
1053 1043 1089 1087 ex
1108 1024 1197 1089 Livio
1217 1031 1250 1089 et
1299 1039 1301 1043 ·

87 1128 171 1192 Juba
191 1115 260 1192 arte
283 1129 391 1191 critica
415 1128 556 1192 adhibita
578 1129 761 1208 composuit.
807 1129 896 1194 Unde
923 1135 1028 1194 autem
1056 1130 1132 1194 haec
1153 1132 1248 1196 verba

81 1240 156 1298 'orta
187 1235 264 1315 sint,
304 1235 420 1298 nescio:
465 1235 520 1297 καὶ
554 1234 672 1308 αὐτούς
711 1236 850 1318 (legatos
886 1236 1081 1316 Poenorum)
1134 1239 1250 1302 ἐκεῖνοι

59 1345 61 1348 ’
83 1341 311 1428 (Romanorum
328 1340 473 1422 senatus)
494 1341 568 1404 τότε
592 1341 631 1405 oti
645 1343 898 1426 προσεδέξαντο,
918 1343 1063 1424 λέγοντες
1084 1343 1141 1406 οὐκ
1161 1336 1251 1406 εἶναί

83 1465 178 1532 σφισι
199 1447 351 1528 πάτριον,
379 1446 614 1534 οτρατοωέδωνν
639 1437 725 1528 chorso
753 1451 789 1512 ἐν
816 1453 857 1535 τῇ
883 1450 1005 1533 Ἰταλίᾳ
1032 1446 1135 1517 ὄντων
1159 1447 1245 1530 ὕπερ

83 1553 208 1638 εἰρήνης
233 1559 446 1637 χρηματίζειν,
499 1543 636 1636 ὕστερον
667 1556 718 1627 δὲ1
737 1556 930 1638 ἀπάραντος
957 1561 1016 1619 τοῦ
1044 1582 1079 1619 τε
1105 1551 1244 1639 Ἀννίβου

86 1663 140 1750 καὶ
162 1664 220 1722 nod
242 1661 404 1742 Μάγωνος
425 1661 519 1742 λόγον
541 1662 656 1734 ου’τοῑς
678 1663 810 1726 ἔδωκαν.
854 1662 1047 1744 Quamquam
1071 1684 1131 1728 non
1153 1682 1245 1752 nega-

51 1789 54 1792 ·
84 1769 196 1850 verim,
227 1775 368 1833 senatum
398 1759 530 1848 negasse
558 1783 592 1832 se
622 1770 661 1832 de
689 1787 765 1851 pace
795 1777 938 1834 acturum
967 1789 1035 1835 esse
1059 1789 1128 1835 oum
1155 1771 1246 1835 hoste

45 1857 48 1864 ⁴
83 1877 168 1940 intra
190 1876 266 1940 fines
288 1876 399 1939 Italiae
428 1883 532 1940 caetra
552 1875 687 1941 habente
710 1883 814 1942 tamen
843 1878 875 1941 in
895 1895 931 1940 eo
962 1879 1070 1941 nuntio
1094 1898 1186 1960 quem
1209 1878 1248 1941 de

53 1995 58 2002 ‘
84 1983 226 2063 Magonis
249 2001 371 2064 secessu
392 2004 407 2045 n
430 1983 558 2063 Liguria
585 1983 680 2048 babet
702 1990 809 2064 aperte
831 1982 959 2047 fallitur.
990 1985 1082 2063 ¹‚Nam
1105 2002 1143 2049 ex
1166 1987 1246 2064 App.

85 2093 123 2150 32
140 2090 262 2168 scimus,
286 2090 369 2153 inter
389 2091 474 2169 pacis
497 2089 591 2170 leges,
611 2108 702 2170 qnam
724 2096 794 2171 post
814 2090 1001 2171 legationem
1024 2090 1107 2153 illam
1129 2082 1247 2154 Poeno·

85 2215 153 2260 rum
169 2191 270 2260 Roma
292 2213 451 2260 reversam
473 2197 504 2260 in
520 2196 626 2261 Africa
643 2197 745 2278 Scipio
762 2196 1074 2277 Carthaginiensibus
1093 2197 1248 2261 concessit

83 2304 164 2368 hane
186 2303 297 2368 fuisse:
326 2303 476 2384 Μάγωνα
494 2308 556 2386 μὲν
578 2304 745 2368 circuncisio
767 2305 802 2366 ἐκ
823 2303 955 2385 Λιγύων
976 2303 1101 2368 αὐτίκα.
1143 2303 1246 2384 Atque

84 2411 151 2490 ipse
177 2403 319 2474 Zonaras
345 2409 490 2493 (Cassius
519 2410 595 2491 Dio)
628 2411 734 2491 paullo
763 2416 837 2493 post
867 2411 1032 2492 Magonem
1062 2413 1092 2475 in
1119 2411 1247 2492 Liguria

84 2517 179 2580 etiam
208 2522 275 2580 tum
305 2511 479 2580 morantem
509 2517 598 2596 facit,
633 2518 688 2582 sed
728 2536 768 2582 ne
785 2585 787 2590 ,
803 2518 860 2582 sibi
891 2501 1114 2600 repugnantia
1129 2519 1245 2599 tradat,

43 2613 249 2704 ¹,Magonem
271 2623 372 2690 denuo
400 2624 432 2686 in
454 2623 611 2704 Liguriam
635 2625 762 2689 missum
784 2643 859 2706 ¹esse
887 2626 993 2690 refert.
1046 2626 1131 2704 Quae
1154 2643 1246 2705 quam

83 2731 163 2794 falsa
192 2731 255 2794 sint
290 2730 501 2810 unusquisque
537 2729 632 2794 videt.
682 2733 803 2796 Livium
840 2751 914 2797 vero
951 2752 1012 2798 non
1042 2734 1108 2796 sine
1131 2714 1253 2814 judicio*

84 2819 209 2902 secutus
231 2844 293 2917 est,
323 2837 404 2932 quod
427 2855 463 2902 eo
488 2841 634 2918 apparet,
664 2837 746 2918 quod
769 2840 834 2920 ejus
867 2858 1002 2905 errorem
1035 2839 1073 2904 de
1102 2857 1178 2920 pace
1200 2842 1246 2904 in-

83 2945 165 3009 fecta
194 2945 278 3028 (Liv.
302 2944 400 3024 XXX,
430 2948 477 3025 23,
509 2943 543 3027 7)
574 2945 767 3022 emendavit,
800 2946 946 3010 nimirum
976 2965 993 3010 e
1023 2946 1122 3027 Juba,
1151 2953 1246 3027 atquo
1295 3007 1298 3010 .

84 3052 198 3134 tradit,
221 3070 328 3134 pacem
351 3070 371 3116 a
398 3053 540 3132 patribus
563 3051 715 3117 sancitam
737 3051 980 3116 fnisse-Zon.
1002 3058 1058 3116 441
1085 3055 1164 3134 4133
1187 3053 1246 3117 Dio

84 3160 122 3222 l'r.
138 3159 186 3238 57,
203 3163 240 3222 75
260 3158 398 3222 indutias
412 3165 532 3238 ruptas,
555 3158 764 3223 Hasdrubalis
780 3159 908 3238 exitum,
931 3157 1115 3225 Hannibalis
1129 3141 1245 3241 primas

30 3320 31 3324 ,
84 3267 187 3329 resin
210 3265 315 3330 Africa
336 3271 442 3346 gestas
463 3265 648 3346 continent,
667 3265 781 3334 Jubam
812 3265 924 3330 harum
954 3285 1057 3331 rerum
1086 3273 1243 3332 auctorem

85 3371 296 3452 cognoscimus
331 3371 446 3435 collato
473 3371 617 3452 Appiano
647 3375 777 3436 33-38.
836 3372 885 3437 Ad
924 3391 1029 3437 rerum
1062 3375 1244 3438 memoriam

30 3463 31 3468 ἵ
86 3477 331 3543 constituendam
366 3478 492 3560 alian'us
526 3478 671 3542 momenti
702 3487 775 3544 sunt
807 3480 884 3545 haec
915 3481 1023 3544 Dionis
1056 3480 1243 3560 fragmenta,

86 3588 229 3667 quoniam
252 3603 289 3648 ex
309 3585 347 3648 iis
369 3585 522 3665 videmus,
545 3585 723 3667 Appianum
744 3586 783 3662 de
805 3587 923 3668 impetu
952 3589 981 3652 in
1010 3587 1131 3666 legatos
1152 3585 1247 3663 facto,

86 3693 200 3775 rejecto
227 3690 326 3773 Juba,
355 3693 436 3757 falsa
467 3690 608 3773 finxisse,
640 3693 785 3758 nimirum
818 3694 858 3760 ad
895 3694 1063 3760 movendos
1093 3694 1246 3758 lectorum

85 3801 215 3864 animos.
257 3799 341 3888 Juba
371 3801 452 3864 euim
481 3800 673 3882 tradiderat,
700 3801 822 3882 legatos
846 3805 953 3865 vento
968 3807 1078 3864 exorto
1105 3805 1247 3866 servatos

87 3926 155 3973 esse
180 3906 327 3991 (cf..Zon.
349 3905 368 3969 l.
392 3904 450 3988 c.);
473 3907 555 3987 quod
579 3909 646 3972 sine
667 3908 761 3973 dubio
782 3909 910 3990 propius
931 3906 971 3970 ad
994 3924 1099 3972 verum
1119 3909 1247 3988 accedit,

86 4033 176 4096 quam
201 4014 333 4095 Appiani
356 4015 505 4078 narratio.
914 3995 916 4000 ¹
