2848 4636
701 254 739 318 15

137 480 232 544 opere
268 478 318 526 res
348 464 455 541 gestas
482 459 634 540 maiorum
672 475 800 524 suorum
834 457 1009 523 illustrasse
1045 475 1082 526 ac
1119 458 1301 525 celebrasse.

135 569 220 634 Luce
241 568 353 635 clarius
375 572 440 647 est,
461 565 635 647 Appianum
664 565 721 630 boc
749 565 874 646 quidem
894 581 973 646 opus
994 582 1056 630 uon
1078 565 1109 630 in
1133 583 1223 631 usum
1246 584 1301 631 vo·

136 693 241 756 casse3
272 693 344 743 narn
373 692 436 737 non
465 672 571 752 lingua
598 675 724 739 tantum
756 672 869 753 punica
895 672 1113 754 impedimento
1142 671 1215 754 fuit,
1247 672 1302 738 sed
1332 719 1335 726 ,

137 783 233 848 etiarn
252 783 356 864 operis
378 779 532 845 institutio
554 778 595 844 ab
609 778 744 860 Appiani
764 777 900 844 consiliis
921 794 1014 860 quam
1029 779 1162 845 maxime
1178 779 1303 844 diversa

140 892 217 952 erat.

220 994 309 1059 Alter
329 1011 347 1058 e
370 993 460 1058 domo
480 991 686 1056 Massinissae
704 997 794 1056 ortus
816 1009 920 1056 rerum
945 990 1081 1072 scriptor
1094 991 1189 1055 iuter
1218 989 1301 1056 anti-

138 1119 217 1182 quos
238 1119 343 1166 rerum
364 1099 541 1165 conditores
560 1117 629 1164 oum
646 1098 763 1163 honore
783 1099 976 1179 nominatur,
995 1097 1078 1163 Juba
1098 1098 1145 1180 ΙΙ,
1169 1097 1303 1164 JubaeI

138 1209 237 1290 filius,
258 1207 446 1288 Hiempsalis
465 1205 616 1287 nepos*].

219 1313 301 1379 Juba
321 1314 467 1394 puerulus
490 1311 632 1376 Caesaris
653 1311 777 1376 ornavit
798 1310 1005 1392 triumphum,
1036 1329 1128 1392 quem
1148 1311 1201 1376 ille
1222 1312 1302 1376 cele·

137 1421 242 1486 brevit
270 1439 297 1484 a.
323 1423 371 1483 lo.
405 1437 446 1482 a.
464 1417 534 1483 Chr.
567 1418 664 1503 (App.
693 1418 730 1481 B.
759 1417 792 1482 C.
822 1417 863 1497 Π,
892 1422 964 1498 101;
1002 1417 1083 1482 Plut.
1114 1417 1202 1484 Caes.
1233 1415 1301 1502 55).

135 1531 249 1609 Itaque
270 1532 364 1590 uatus
388 1525 513 1590 videtur
533 1542 562 1590 a.
584 1530 633 1588 50.
652 1525 700 1588 vel
724 1529 771 1588 51.
793 1541 820 1588 a.
842 1523 913 1601 Cbr.
942 1524 1062 1589 Romae
1086 1525 1239 1591 educatus
1264 1530 1301 1610 et

138 1635 277 1699 omnium
298 1632 469 1698 liberalium
491 1632 606 1698 artium
628 1631 767 1696 doctrina
781 1631 916 1696 imbutus
927 1630 1048 1712 juvenis
1061 1630 1300 1698 subOctaviauo

136 1743 170 1806 in
191 1739 274 1806 bello
297 1739 423 1804 Actiaco
450 1743 560 1803 contra
585 1737 757 1802 Antonium
785 1737 930 1802 militavit
956 1737 1028 1819 (Ilio
1050 1737 1136 1803 Cass
1160 1740 1210 1820 LI,
1233 1739 1300 1823 15),

136 1855 231 1929 atque
258 1845 362 1929 paullo
387 1849 463 1927 post
494 1845 534 1910 ab
562 1845 630 1926 ipso
659 1844 799 1925 Augusto
832 1845 864 1909 in
895 1862 1026 1926 regnum
1053 1845 1222 1915 restitutus
1250 1854 1301 1912 est

136 1955 214 2037 (Dio
237 1953 323 2019 Cass.
345 1952 365 2016 l.
385 1951 440 2035 e).

218 2062 308 2127 Diem
330 2077 506 2140 supremum
527 2056 611 2124 Juba
628 2057 705 2123 obiit
726 2075 755 2122 a.
780 2061 829 2122 18.
848 2055 897 2122 vel
920 2061 967 2122 19.
991 2075 1023 2138 p.
1044 2055 1132 2139 Cha,
1150 2057 1194 2138 id,
1213 2058 1298 2139 quod

137 2188 176 2234 ex
196 2169 287 2233 aunis
310 2164 623 2246 uunrmiswimpressis
647 2165 724 2229 satis
746 2166 861 2245 elucet,
883 2163 920 2228 cf.
942 2163 1056 2229 Miller
1077 2164 1127 2228 Fr.
1143 2165 1181 2229 H.
1197 2166 1232 2231 G.
1253 2167 1297 2232 ΙΙΙ

136 2293 167 2356 p.
189 2279 259 2339 466.
303 2274 502 2354 Quantopere
532 2271 616 2353 apud
645 2271 772 2336 Mauros
798 2271 947 2336 memoria
975 2271 1041 2352 ejus
1064 2271 1222 2338 celebrata
1248 2275 1299 2354 sit,

138 2400 177 2444 ex
197 2400 234 2444 eo
256 2381 357 2460 colligi
379 2384 499 2461 potest,
521 2377 605 2460 quod
624 2378 774 2459 Luooejm
796 2378 928 2442 Albinus
961 2377 1075 2442 multos
1105 2384 1178 2459 post
1199 2397 1297 2444 annos

142 2491 245 2566 spreto
275 2486 483 2566 procuratoris
511 2486 634 2550 nomine
661 2486 745 2566 regis
779 2489 812 2549 et
841 2485 944 2549 Jubae
975 2503 1088 2550 nomen
1125 2487 1298 2568 usurpavit,

142 2609 202 2672 quo
222 2591 282 2656 illis
304 2610 336 2656 se
356 2593 527 2658 insinuaret
546 2591 633 2672 (Tac.
654 2591 737 2656 Hist.
757 2591 797 2672 Il,
819 2589 886 2673 58).

219 2697 306 2764 Haeo
326 2698 364 2766 de
386 2701 450 2765 vita
473 2705 504 2764 et
520 2716 616 2780 regno
630 2697 797 2778 sufficiant,
817 2699 880 2780 jam
902 2698 940 2762 de
955 2698 1107 2779 scriptore
1119 2699 1297 2780 videamus;

135 2821 218 2887 uam,
240 2810 276 2870 ut
296 2806 388 2872 Plinii
410 2806 512 2872 verbis
533 2812 607 2870 utar
629 2805 682 2888 (N.
695 2799 744 2869 H.
766 2805 804 2886 V,
829 2812 855 2887 l,
877 2824 907 2886 p.
932 2810 991 2869 304
1013 2803 1127 2878 lebni
1158 2805 1297 2872 »studio-

134 2931 202 2977 rum
224 2913 366 2978 claritate
387 2913 614 2978 memorabilior
632 2930 724 2993 quam
745 2903 840 2992 regno
862 2911 950 2978 fuit«.
972 2945 1013 2959 -

216 3019 297 3085 Juba
318 3020 480 3102 multiplici
501 3019 643 3085 doctrina
665 3026 697 3084 et
719 3018 895 3084 eruditione
916 3018 1027 3084 mirum
1047 3019 1079 3082 in
1098 3017 1223 3084 modurn
1245 3035 1297 3082 ex-

201 3338 230 3402 *)
249 3336 377 3402 Quaestio
397 3337 431 3392 de
449 3337 538 3392 Jubae
556 3337 612 3392 vita
630 3342 659 3391 et
673 3338 781 3405 scriptis
794 3337 927 3392 latissime
941 3342 1018 3406 patet
1033 3351 1084 3391 nec
1097 3337 1153 3403 jam
1168 3335 1296 3390 adfinem

132 3429 266 3497 perducta
284 3436 333 3486 est.
368 3432 561 3486 Verumtamen
580 3431 695 3486 hicnon
710 3447 800 3486 meum
819 3440 860 3486 est
877 3437 924 3486 aut
943 3445 1039 3484 novam
1058 3428 1091 3483 de
1107 3429 1141 3482 iis
1161 3429 1294 3495 discepta-

131 3523 233 3576 tionem
252 3522 394 3577 instituere
412 3530 459 3580 aut
477 3525 567 3578 omnia
585 3541 653 3594 quae
671 3525 706 3578 ab
732 3525 793 3579 aliis
816 3525 923 3593 prolata
949 3529 1025 3588 saint,
1046 3528 1188 3591 repetere3
1214 3522 1294 3575 immo

132 3631 200 3682 quae
225 3614 258 3669 ad
284 3615 405 3684 Appiani
433 3619 533 3672 iontem
561 3617 708 3672 eruendum
733 3622 895 3671 momentum
928 3615 1043 3670 afferunt
1074 3617 1118 3671 hic
1146 3622 1295 3670 retractare

130 3707 205 3761 libet.
242 3709 385 3763 Caeterum
413 3711 482 3764 conf.
509 3710 628 3764 Goerlitz
654 3711 744 3766 lubae
772 3725 827 3776 reg.
853 3710 969 3764 Mauret.
996 3710 1051 3763 vita
1074 3715 1102 3763 et
1120 3709 1168 3777 frg.
1196 3708 1294 3761 Parsl

130 3800 201 3854 Diss.
220 3801 346 3867 Vratisl.;
365 3803 432 3858 Pars
448 3803 476 3856 II
492 3803 586 3871 Progr.
606 3803 700 3872 Gymn.
720 3803 831 3856 Vratisl.
850 3804 924 3858 1862.
945 3833 973 3841 -
995 3802 1096 3872 Plagge
1114 3803 1155 3855 De
1173 3801 1246 3855 Juba
1265 3801 1292 3853 ΙΙ

129 3907 192 3960 rege
209 3893 397 3952 Mauretaniae
421 3895 495 3952 Diss.
518 3895 634 3952 Mouast.
655 3896 731 3951 1849.
763 3925 795 3934 -
822 3895 925 3951 Maller
949 3897 1009 3964 Frg.
1035 3895 1105 3950 Hist.
1128 3895 1223 3950 Graue.
1241 3894 1292 3960 Ill,

127 4001 154 4052 p.
171 3985 222 4040 464
240 4003 297 4056 sqq.
