2848 4636
669 284 732 343 ,21
815 281 816 286 '

132 489 224 554 facile
256 489 312 554 tibi
349 487 568 570 persuadebis
603 486 792 568 Hiempsalis
829 485 927 552 libros
964 487 996 551 in
1026 485 1127 552 Jubae
1170 483 1294 566 nepotis

132 597 277 660 manibus
307 597 403 664 inisse
431 614 487 661 uec
516 594 547 660 in
571 593 662 659 rebus
691 593 862 658 scribendis
896 593 937 658 ab
967 613 1003 659 eo
1030 593 1188 689 neglectos
1217 609 1292 656 esse.

132 703 231 788 Plura
251 721 308 783 per
329 702 448 768 Soltcvi
470 701 761 766 commentationem
783 705 940 765 constant.
982 701 1018 765 In
1040 719 1078 765 ea
1100 701 1182 766 enim
1203 706 1294 780 parte

132 810 297 890 historiae,
322 827 413 890 quam
437 807 625 873 Plutarchus
647 827 685 872 ex
706 807 789 873 Juba
811 808 944 888 sumpsit
966 807 1047 890 [Vit.
1070 807 1166 872 Naro.
1191 809 1293 872 9-12

108 914 223 1002 lle),
247 914 385 999 eru-29)
408 915 581 996 complures
603 921 748 980 auctores
770 910 810 978 ab
832 931 867 978 eo
894 914 1123 985 contaminatos
1146 913 1292 979 videmus.

131 1023 231 1088 Jubae
253 1022 432 1104 principalis
448 1024 517 1097 ¹fons
532 1021 640 1114 Livius
654 1021 722 1101 luit,
744 1037 835 1103 quem
852 1020 978 1086 aliunde
995 1015 1293 1102 corrigere'oonatus

131 1131 265 1210 Augusti
285 1129 496 1193 laudationem
518 1130 548 1191 in
572 1127 753 1193 Marcellum
775 1133 807 1192 et
830 1127 963 1194 Cornelii
984 1128 1115 1210 Nepotis
1138 1126 1290 1209 quaedam
1403 1217 1405 1221 Ι

132 1235 279 1319 opuscula
300 1243 333 1301 et
348 1236 506 1300 Ciceronis
522 1235 560 1299 de
572 1240 728 1300 senectute
743 1234 881 1299 libellum
896 1235 1030 1316 inspexit
1046 1240 1079 1298 et
1094 1234 1291 1299 examinavit.

215 1344 325 1424 Itaque
347 1342 436 1408 facile
449 1343 673 1422 cognoscitur,
693 1341 793 1406 Jubae
815 1342 1007 1422 diligentiam
1028 1343 1061 1406 iu
1082 1323 1221 1406 fontibus
1241 1359 1293 1404 ex·

65 1439 67 1446 ⁸
132 1436 343 1532 quirendiset
363 1449 576 1514 examinandis
597 1449 761 1512 maximam
783 1448 888 1513 luisse.
976 1428 978 1434 ¹

216 1559 315 1636 Quare
336 1557 530 1638 diligentiam
552 1562 586 1621 ut
605 1557 730 1636 penitus
753 1556 986 1637 perspiciamus,
1008 1574 1067 1620 non
1084 1555 1141 1619 abs
1162 1573 1196 1617 re
1216 1552 1291 1617 duxi

132 1664 240 1750 paucis
256 1663 358 1728 verbis
371 1682 407 1728 ea
423 1663 590 1743 attingere,
603 1681 684 1744 quae
699 1662 737 1726 de
750 1662 889 1726 lontibus
904 1663 955 1728 al
956 1663 1019 1726 uba
1033 1662 1065 1726 iu
1081 1660 1292 1742 descriptione

132 1772 266 1836 Arabiae
295 1770 441 1835 adhibitis
468 1776 620 1834 constant.
663 1769 815 1834 Nimirum
840 1769 1158 1842 enimrationem'ibi
1181 1767 1290 1832 initam

132 1879 226 1944 etiarn
258 1879 289 1941 in
315 1877 407 1942 rebus
420 1931 424 1938 .
437 1875 583 1941 Romanis
616 1877 786 1942 scribendis
822 1883 949 1942 secutus
978 1883 1035 1942 est.
1085 1878 1129 1940 Ac
1157 1861 1296 1956 primum'

132 1985 297 2051 Onesicriti
319 1985 570 2066 hstypaleeensis
599 2002 695 2066 opere
715 1991 747 2048 et
769 1983 901 2049 Nearchi
928 1982 1128 2067 παράπλουν
1153 1982 1201 2046 ad.
1219 1981 1285 2045 Per-

131 2079 207 2158 sidis
227 2093 465 2174 descriptionem
479 2091 562 2156 Juba
584 2091 728 2156 adhibuit
743 2091 837 2174 (Plin.
854 2092 892 2156 N.
911 2092 949 2156 H.
962 2091 1014 2172 VI,
1031 2110 1056 2156 c.
1068 2095 1107 2154 23
1121 2109 1145 2154 s
1161 2095 1210 2170 26,
1222 2088 1289 2170 96].

131 2201 177 2265 De
197 2199 287 2264 India
308 2217 380 2264 vero
410 2197 545 2264 Ctesiam
575 2205 607 2264 et
636 2198 871 2280 Megasthenem
900 2204 1026 2264 secutus
1054 2204 1111 2262 est.
1162 2195 1289 2270 Deinde,

131 2309 159 2372 si
180 2307 258 2372 Plin,
280 2307 333 2388 lli,
356 2311 394 2370 35
424 2325 448 2386 s,
473 2311 525 2386 ab,
551 2309 605 2370 llo
635 2325 848 2387 comparamus
879 2324 947 2371 cunr
975 2304 1129 2368 Athenaei
1160 2303 1211 2367 lib.
1233 2303 1288 2366 ΙΙΙ.

98 2442 100 2448 '
131 2433 162 2493 p.
191 2417 231 2476 83
259 2413 294 2476 B.
322 2413 572 2488 Androsthenem
610 2431 731 2494 quoque
762 2415 869 2493 ἐντῷ
893 2417 949 2496 τῆς
972 2413 1104 2494 Ἰνδικῆς
1138 2409 1288 2491 περίπλῳ

5 2489 7 2522 ’
68 2527 72 2532 ’
133 2518 233 2584 lubae
254 2518 368 2584 iontem
390 2519 487 2584 inisse
509 2525 649 2601 apparet.
691 2521 832 2600 Denique
844 2520 1043 2600 Timagenem
1064 2535 1186 2599 quoque
1206 2517 1288 2579 inter

132 2624 235 2690 Jubao
256 2623 358 2688 iontes
372 2624 469 2714 ‚luisse
492 2627 640 2708 conjicere
660 2627 750 2706 licet;
777 2626 813 2708 cl.
835 2628 972 2692 Goerlitz
994 2627 1015 2690 l.
1037 2644 1063 2690 c.
1085 2644 1116 2707 p.
1141 2629 1189 2720 39.

184 2733 306 2812 Restat,
316 2739 360 2812 ut,
369 2751 449 2814 quae
457 2734 496 2798 ad
509 2733 729 2799 illustrandam
738 2739 882 2798 naturam
891 2738 986 2814 atque
994 2732 1287 2798 indolernhistoriae

129 2840 287 2904 Romanae
303 2839 452 2905 habemus
470 2841 674 2920 proferamus.
717 2841 801 2907 Juba
820 2857 923 2906 rerum
939 2853 1100 2922 gestarum
1115 2839 1286 2904 narrationi
1377 2875 1380 2881 -

127 2965 190 3010 non
207 2947 297 3018 morlo
321 2947 590 3014 adnotationes
610 2950 846 3030 antiquarios
867 2948 905 3013 de
926 2949 1063 3017 moribus
1081 2953 1113 3014 et
1133 2946 1287 3026 institutis

127 3053 284 3130 Romanis,
295 3054 453 3132 sedetiam
464 3057 732 3134 grammaticas
743 3057 1110 3136 deoriginenominumet
1123 3047 1286 3118 verborum

127 3161 322 3240 quorundam
338 3161 479 3244 inseruit,
499 3163 614 3243 quippe
628 3163 680 3243 qui
692 3181 797 3227 rerum
809 3164 1007 3245 antiquamm
1023 3169 1055 3227 et
1069 3163 1298 3242 grammatica-⁴

127 3285 194 3332 rum
209 3267 454 3333 studiosissimus
469 3276 563 3334 esset.
584 3269 664 3335 Sunt
675 3276 780 3335 autem
793 3271 861 3353 loci,
876 3272 928 3336 ubi
939 3273 971 3334 in
982 3271 1048 3348 vita
1057 3270 1196 3334 Marcelli
1208 3270 1286 3334 talia

126 3360 309 3453 occurrunt,
336 3375 381 3439 hi:
414 3375 444 3439 in
470 3395 535 3457 cap.
559 3382 580 3464 2
600 3395 681 3458 quae
703 3377 741 3441 de
766 3378 940 3458 auguribus
970 3379 1119 3457 leguntur
1146 3379 1285 3458 proxime

126 3480 280 3546 accedunt
302 3481 344 3573 ad
360 3482 500 3564 Dionysii
517 3483 673 3549 Halieam.
696 3485 792 3549 verba
815 3490 843 3566 2,
857 3491 906 3566 64,
921 3490 973 3568 31;
996 3486 1027 3549 in
1050 3487 1150 3566 cape
1173 3484 1285 3549 haecce

126 3589 221 3652 verba
244 3591 386 3654 exstant:
419 3586 503 3653 οὕτω
529 3593 590 3674 γάρ
619 3594 697 3666 ἔθος
717 3593 793 3657 ἐστί
815 3592 976 3674 Ῥωμαίοις
996 3597 1192 3673 προσκυνεῖν
1211 3593 1286 3666 τούς

84 3693 86 3700 ’
125 3695 227 3769 θεούς
257 3705 583 3781 nsprocnepopa‘voee,
613 3699 644 3763 in
674 3704 782 3780 cap.8
810 3715 958 3764 excursus
980 3698 1018 3762 de
1039 3700 1145 3781 spoliis
1173 3701 1283 3780 opimis

126 3807 244 3884 exstat,
276 3805 324 3868 cui
358 3805 470 3870 similia
503 3805 597 3870 habet
630 3807 756 3888 Dionys.
787 3811 815 3887 2,
846 3811 913 3887 343’
931 3807 961 3870 iu
994 3824 1059 3887 cap.
1082 3811 1121 3870 22
1152 3806 1284 3887 denique

125 3909 230 3972 ovatio
254 3928 334 3991 quae
356 3912 398 3977 sit
418 3913 595 3994 explicatur
616 3917 649 3978 et
670 3913 715 3978 ita
737 3914 875 3995 quidem,
902 3918 939 3978 ut
956 3913 1088 3995 primum
1111 3912 1285 3978 disseratur

65 4009 68 4016 ’
126 4013 165 4080 de
186 4014 291 4101 indole
313 4037 350 4084 ac
372 4021 402 4084 vi
424 4020 587 4102 orationis,
608 4020 720 4086 deiude
742 4021 781 4087 de
795 4019 929 4088 nominis
942 4021 1069 4102 origine,
1091 4019 1222 4103 denique
1244 4022 1284 4088 de
1407 4054 1410 4060 ¹
