2848 4636
679 262 724 321 24'

118 457 232 524 tionem
259 478 317 540 pro
348 459 573 526 Rhodiensibus
601 479 628 526 a.
664 465 722 528 lus
749 481 778 527 a.
807 462 878 528 Chr.
912 463 1051 530 habitam
1078 471 1279 549 provocatur,

118 582 197 646 quae
227 566 335 646 quinto
365 566 445 632 libro
467 565 629 648 Originum
656 569 774 634 inserta
801 575 879 634 erat.
924 573 1006 638 Num
1029 574 1189 655 Appianas
1211 574 1278 655 ipse

117 671 202 736 illam
231 671 404 754 inspexerit
432 678 465 739 et
492 693 530 738 ea
551 674 647 740 verba
669 694 706 740 ex
729 676 782 740 illa
812 677 977 759 desumpta
998 681 1171 745 narrationi
1192 681 1279 745 addi·

118 777 213 859 derit,
239 778 310 862 jure
339 781 512 862 meritoque
540 781 727 848 dubitamus,
778 784 821 849 At
852 790 961 850 contra
985 785 1069 851 Iuba
1096 805 1154 867 pro
1176 806 1279 868 gram·

118 884 238 950 maticis
273 886 337 952 suls
378 892 411 952 et
453 880 642 968 antiquariis
680 889 791 954 studiis
834 890 978 956 nimirum
1017 891 1145 957 Catonis
1181 912 1279 974 opera

119 990 234 1073 optime
256 998 334 1058 nota
354 991 475 1058 habuit.
517 993 635 1060 Verum
655 994 686 1058 id
701 995 829 1062 dubium
847 996 979 1076 videtur,
1002 1016 1074 1064 num
1089 1000 1173 1064 Iuba
1193 1001 1277 1082 ipsas

118 1097 277 1182 Origines,
304 1119 343 1164 an
365 1101 522 1164 orationes
543 1100 688 1181 Catonia,
711 1120 791 1183 quae
814 1120 875 1166 uno
898 1103 1052 1168 volumine
1075 1091 1222 1171 collectae
1245 1113 1279 1172 et

118 1206 150 1270 in
169 1206 346 1288 posteriora
375 1212 516 1288 tempora
535 1212 727 1288 propagatae
749 1207 893 1273 videntur
904 1209 947 1290 ²⁸),
979 1212 1279 1277 examinaverit·-

201 1312 286 1377 llaec
308 1311 458 1378 hactenus
481 1314 520 1378 de
542 1313 687 1379 fontibus.
728 1315 799 1379 Iam
820 1314 852 1379 id
873 1333 1060 1396 quaeramus
1083 1333 1208 1380 necessa
1229 1325 1279 1382 est

120 1436 192 1482 num
213 1417 308 1482 etiam
332 1419 559 1508 adnotationes
572 1420 767 1503 antiquariae
796 1422 992 1489 demonibus
1016 1422 1171 1502 Romanis,
1198 1441 1277 1504 quas

119 1535 139 1588 'a
176 1523 258 1590 Juba
293 1522 396 1592 rerum
428 1527 600 1592 narrationi
638 1527 798 1594 immixtas
837 1530 950 1603 sciurus
988 1529 1071 1610 apnd
1101 1529 1276 1610 Appianum

116 1632 338 1716 reperiantur3
360 1651 397 1697 ac
417 1652 455 1696 ne
477 1631 555 1698 haec
575 1633 698 1716 quidem
717 1653 769 1700 res
790 1654 846 1699 nos
860 1635 1023 1705 frustatur.
1066 1635 1279 1717 Descriptione

120 1757 243 1821 pugnae
264 1729 589 1812 Zamensis'absoluta
604 1741 763 1823 Appianas
784 1743 816 1808 in
839 1761 906 1823 cap.
923 1748 963 1808 48
983 1742 1072 1807 initio
1094 1745 1139 1806 ita
1162 1743 1279 1824 pergit:

120 1851 266 1911 Σκιπίων
286 1848 324 1910 δὲ
346 1852 436 1929 νίκην
456 1846 594 1938 ἀρίστην
614 1848 783 1931 νενικηκώς
803 1849 845 1912 col
865 1853 927 1930 μὲν
949 1844 1099 1933 ἄχρηστα
1118 1851 1174 1933 τῆς
1194 1849 1282 1923 λείας

120 1954 308 2036 ἐνεπίμπρη
344 1952 585 2036 διαζωσάμενος
621 1954 721 2029 αὐτὸς
754 1953 839 2020 ὥστε
882 1953 1024 2020 εἰώθασι
1056 1955 1224 2037 Ῥωμαίων·
1251 1955 1284 2020 οἱ

124 2064 306 2143 στρατηγοί.
350 2060 429 2138 Quid
449 2061 489 2125 ad
510 2080 585 2142 rem,
607 2080 680 2128 num
689 2061 790 2143 Scipio
813 2057 1023 2128 accinctus
1045 2062 1194 2142 praedam
1211 2080 1282 2126 con·

124 2168 333 2232 cremaverit?
380 2169 477 2233 Immo
505 2174 653 2252 apparet,
690 2168 765 2234 haec
792 2168 1001 2250 antiquarium
1039 2168 1191 2248 indicare,
1228 2169 1282 2249 qni

124 2274 260 2340 moribus
275 2273 477 2357 depingendis
492 2295 618 2359 operam
634 2276 746 2359 dabat3
767 2284 864 2358 atque
880 2276 969 2342 facile
982 2274 1072 2340 nobis
1094 2275 1126 2339 in
1148 2280 1281 2348 mentem

125 2381 254 2446 veniunt
277 2381 370 2447 verba
389 2381 453 2450 Vit.
467 2382 565 2448 Marc.
582 2387 600 2448 6
622 2382 664 2457 (ὃς
683 2385 761 2457 ἔθος
780 2384 856 2448 ἐστί
872 2382 1035 2466 Ῥωμαίοις
1054 2381 1177 2462 similia,
1201 2399 1283 2464 qnae
1329 2444 1331 2448 ,
1411 2367 1412 2416 3

124 2504 221 2567 supra
240 2506 259 2552 e
278 2487 364 2553 Juba
385 2488 500 2554 hausta
518 2490 801 2556 demonstravimus
818 2487 872 2574 (ci.
890 2509 919 2571 p.
940 2491 1004 2570 21).

207 2595 243 2660 In
266 2594 333 2677 ipsa
356 2613 476 2661 morum
499 2600 532 2675 et
559 2599 771 2662 institutorum
794 2596 1002 2661 Romanorum
1022 2595 1230 2677 descriptione
1250 2599 1284 2660 et

125 2699 332 2782 explicatione
353 2702 437 2768 Juba
457 2703 539 2768 viam
560 2715 598 2768 'ac
618 2704 772 2768 rationem
792 2720 884 2783 quam
910 2703 1044 2767 maxime
1068 2702 1227 2784 propriam
1249 2704 1283 2765 et

125 2807 315 2888 singularem
332 2809 412 2874 iniit.
454 2809 536 2876 Nam
557 2810 589 2874 in
612 2809 820 2892 descriptione
842 2827 904 2873 non
926 2807 1089 2889 acquievit,
1112 2808 1166 2873 sed
1186 2809 1284 2872 nomi·

126 2934 199 2981 nurn
219 2916 368 2998 originem
392 2916 556 2998 explorare
579 2923 612 2982 ct
631 2935 701 2982 cum
721 2922 913 2982 caeterorum
933 2915 1113 2999 populorum
1129 2914 1283 2980 institutis

126 3023 280 3089 Romanos
301 3042 403 3089 mores
432 3041 615 3105 comparare
640 3031 771 3090 conatus
799 3029 858 3090 est.
900 3023 1002 3103 Atque
1028 3039 1104 3102 opus
1127 3021 1283 3103 peculiare

125 3129 319 3214 ὁμοιότητας
348 3131 532 3212 inscriptum
561 3130 633 3197 huic
660 3130 705 3197 rei
736 3128 943 3196 absolvendae
970 3127 1128 3192 dedicasse
1156 3126 1283 3209 dicitur3

126 3237 215 3319 cujus
235 3237 371 3304 ambitus
392 3237 476 3303 haud
493 3255 609 3320 parvus
630 3237 700 3319 init,
726 3255 798 3302 narn
821 3236 901 3300 liber
909 3233 976 3300 XV.
999 3235 1082 3317 apud
1097 3234 1283 3316 Hesychium

126 3341 169 3427 (s.
190 3362 218 3408 v.
239 3343 358 3428 κάρτη)
377 3345 501 3410 cltatur.
1227 3431 1228 3436 ἵ

210 3450 330 3517 Summi
358 3453 453 3532 igitur·
483 3450 628 3516 momenti
650 3455 745 3529 caput
767 3452 815 3514 66.
838 3453 899 3528 est,
922 3466 984 3528 quo
1013 3447 1112 3512 forma
1135 3446 1283 3528 triumphi

127 3559 364 3639 diligentissime
392 3560 528 3641 sciteque
543 3608 546 3614 .
563 3556 751 3623 describitur
761 3555 799 3636 *t
846 3555 926 3620 Nam
959 3560 1086 3636 praeter
1114 3555 1285 3633 antiquarii

196 3811 223 3877 *l
240 3808 280 3864 cl.
291 3807 309 3862 J
316 3807 419 3863 ordan
436 3805 475 3862 M.
489 3805 598 3862 Catonis
615 3783 725 3875 praeter
742 3803 841 3861 librum
859 3803 893 3860 de
911 3819 942 3859 rc
958 3801 1068 3871 rustica,
1086 3812 1157 3868 quaa
1169 3804 1285 3856 exstant

128 3903 203 3972 Lips.
224 3903 298 3958 1866.
315 3919 342 3971 p.
360 3900 461 3956 LVIII.
543 3900 547 3906 '
1058 3933 1060 3940 ι
1270 3953 1272 3958 ,

197 3997 224 4064 ⁸)
242 3995 384 4065 Appianus
396 3994 461 4052 hnic
471 3992 644 4062 descriptioni
656 3991 767 4048 nonnssa
784 3990 868 4046 verba
885 3987 1038 4054 iuuniscuit,
1055 4001 1071 4042 e
1090 3985 1188 4055 quibus
1203 3985 1284 4042 facilc
