2848 4636
677 292 695 352 3
795 287 796 290 γ

108 493 284 574 compilare,
314 509 354 557 an
377 491 474 556 libere
496 509 615 572 suoque
638 490 754 572 Marte,
785 497 821 556 ut
843 490 966 574 dicunt,
998 511 1050 560 res
1069 493 1264 560 conscribere

106 599 231 666 studet?

183 707 255 772 Non
277 706 454 784 defuerunt,
474 704 629 786 prioribus
647 705 834 784 praesertim
856 704 997 785 saeculis,
1020 705 1072 788 qui
1087 707 1265 788 Appianum

104 833 221 880 merum
241 812 429 894 plagiarium
450 811 626 877 censuerint
647 828 778 893 eumque
799 829 836 876 eo
851 809 917 876 fere
935 811 1012 893 loco,
1034 829 1097 892 qno
1110 813 1265 878 Zonaram

105 922 274 1004 posuerint.
316 921 403 984 luter
415 919 498 984 viros
511 917 617 984 doctos
635 917 715 984 hane
730 918 919 984 sententiam
934 917 1115 999 profitentes
1128 918 1266 1001 Scaliger

106 1035 137 1094 ct
157 1027 284 1092 Ernesti
303 1031 445 1092 caeteros
465 1025 652 1108 auctoritate
672 1023 871 1108 praecedunt.
923 1025 1041 1089 Eorum
1070 1043 1164 1106 quam
1184 1025 1265 1092 falsa

107 1137 147 1200 sit
164 1135 266 1216 opinio
289 1132 515 1198 demonstravit
536 1131 824 1213 Schweighaeuser,
847 1132 896 1196 uir
924 1131 962 1197 de
982 1131 1124 1215 Appiano
1148 1133 1265 1214 optime

107 1243 243 1306 meritus.
273 1241 323 1322 (cf.
351 1239 463 1322 Opusc.
492 1239 579 1304 acad.
602 1239 642 1303 II.
670 1258 700 1320 p.
725 1244 739 1302 1
764 1239 855 1320 squ).
913 1239 978 1304 Suo
1005 1240 1078 1321 jure
1105 1241 1265 1308 contendit

106 1351 151 1413 vir
164 1349 284 1426 doctus,
305 1347 480 1428 Appianum
493 1363 592 1428 neque
607 1344 729 1410 »fucum
744 1346 917 1411 alienorum
929 1345 1089 1410 laborum«
1100 1345 1265 1430 (Scaliger)

82 1447 202 1538 'neque
232 1454 456 1536 »plagiarium«
485 1452 638 1534 (Ernesti)
666 1470 748 1532 esse;
789 1452 881 1517 immo
913 1451 1025 1518 merito
1054 1452 1266 1520 111111111-

104 1562 276 1628 mirabilem
306 1561 439 1642 Appia'ni
476 1563 592 1640 artem,
631 1575 723 1640 quant
755 1557 786 1622 in
824 1556 998 1626 ordinanda
1034 1557 1266 1643 digerendaque

103 1669 293 1750 amplissima
319 1668 483 1732 universae
511 1664 660 1731 historiae
681 1666 839 1730 Romanae
868 1666 999 1731 materia
1025 1665 1264 1751 demonstravit,

103 1774 439 1854 luculentissimamque
454 1772 617 1852 rationem,
630 1789 694 1852 qua
707 1771 835 1838 modicis
848 1772 1034 1853 quibusdam
1053 1773 1265 1841 voluminibus

104 1881 257 1947 infinitum
278 1896 379 1962 paene
401 1884 617 1962 argumentum
636 1875 780 1944 inclusit«
804 1877 854 1957 (cf.
874 1877 895 1943 l.
915 1897 940 1943 c.
966 1898 996 1961 p.
1020 1881 1082 1961 34).
1124 1879 1265 1949 Revera

102 2007 160 2070 pro
188 1996 272 2054 certo
304 1987 452 2053 affirmari
477 1990 598 2068 potest,
644 1986 821 2067 Appianum
854 2003 947 2066 quarn
974 1985 1132 2054 liberrime
1160 1989 1263 2058 fontes

102 2114 173 2161 suos
196 2100 360 2160 tractasse.
410 2093 497 2159 Unus
526 2093 608 2157 enirn
637 2110 675 2156 ex
705 2092 744 2158 iia
772 2093 967 2175 auctoribus,
997 2112 1075 2175 quos
1103 2095 1264 2177 Appianas

101 2205 160 2269 sibi
181 2202 420 2268 fundamentum
449 2200 560 2280 elegit,
590 2217 704 2280 magna
731 2217 769 2264 ex
796 2205 888 2280 parte
916 2199 956 2263 ad
984 2219 1040 2265 nos
1061 2203 1204 2283 pervenit
1224 2226 1265 2250 -·‘

100 2311 263 2392 PolybiuS,
293 2309 339 2373 ita
360 2312 396 2373 ut
417 2306 531 2372 collata
551 2307 715 2388 utriusque
737 2306 920 2372 narratione
942 2305 980 2370 de
1000 2307 1135 2388 Appiani
1160 2307 1264 2376 fontes

101 2415 273 2496 usurpandi
292 2415 413 2479 ratione
435 2418 553 2478 certum
570 2413 719 2495 judicium
746 2412 821 2479 terri
848 2413 956 2494 possit.
1009 2416 1114 2494 Atque
1132 2414 1265 2482 feliciter

103 2523 234 2601 accidit,
277 2520 359 2602 quod
397 2539 493 2601 nuper
521 2519 560 2585 de
592 2520 650 2587 hac
677 2519 777 2586 nostri
805 2520 927 2585 ratione
957 2525 1135 2586 accuratam
1164 2522 1266 2603 inqui·

103 2628 246 2693 sitiouem
268 2627 407 2692 instituit
428 2627 571 2694 Nissen
591 2627 738 2710 (Quaest.
759 2627 885 2692 criticae
907 2625 946 2692 de
968 2627 1004 2692 T.
1026 2627 1107 2694 Livii
1126 2627 1265 2695 fontibus

102 2735 133 2798 in
162 2735 225 2798 dec.
247 2734 292 2801 IV
311 2740 344 2798 et
364 2733 400 2800 V.
427 2734 529 2800 Berol.
557 2739 635 2798 1863
669 2753 700 2816 p.
725 2739 782 2798 115
806 2733 904 2816 sqq),
939 2752 1032 2816 quern
1056 2752 1188 2816 sequens
1215 2735 1265 2802 hic

101 2859 199 2921 pauca
219 2840 359 2924 prolerre
380 2840 482 2906 liceat.

183 2947 228 3012 Ac
255 2949 389 3029 primum
414 2949 538 3030 quidem
568 2947 724 3012 institutio
753 2947 857 3028 operis
888 2945 1023 3027 ferebat,
1053 2952 1089 3012 ut
1114 2947 1210 3014 libros
1231 2949 1264 3014 in

100 3073 194 3120 usum
215 3059 341 3121 vocatos
361 3058 486 3136 cogeret
507 3071 676 3136 eorumque
697 3058 827 3135 textum,
849 3053 903 3135 qui
923 3057 1061 3135 vocatur,
1083 3053 1116 3119 in
1138 3055 1263 3123 brevius

99 3161 308 3226 contraheret.
361 3161 428 3226 Has
457 3167 562 3227 autem
589 3161 740 3242 epitomas
772 3160 955 3242 plerumque
984 3160 1062 3226 satis
1088 3161 1200 3228 inscite
1230 3169 1263 3230 et

99 3268 298 3349 negligenter
309 3268 440 3333 confecit
456 3273 550 3349 atque
564 3285 601 3332 eo
615 3268 723 3349 magis,
739 3285 798 3348 quo
807 3267 983 3332 breviorem
1001 3265 1095 3333 fontis
1108 3271 1263 3336 narratio·

99 3394 171 3439 nem
193 3375 314 3439 reddat.
366 3375 416 3458 In¹
434 3374 492 3439 hac
522 3392 556 3438 re
586 3374 685 3440 multa
714 3375 818 3454 capita
840 3375 936 3439 fontis
956 3391 1020 3437 non
1040 3375 1133 3441 modo
1154 3378 1262 3458 paucis

98 3501 193 3563 saepe
222 3480 326 3546 verbis
354 3481 474 3561 reddit,
509 3481 686 3546 sedetiam
717 3481 887 3562 particulas
916 3480 999 3545 haud
1026 3497 1140 3562 parvas
1168 3480 1262 3560 plane

97 3589 201 3671 ejicit,
231 3587 319 3653 nulla
341 3606 415 3652 cura
436 3588 589 3668 adhibita,
619 3607 691 3653 num
721 3592 1007 3668 rerumgestarum
1029 3585 1167 3652 ordinem
1189 3605 1260 3652 con-

96 3696 223 3776 turbet,
243 3714 349 3760 necne.

183 3803 291 3884 Neque
312 3820 414 3868 rerum
435 3800 637 3884 parvularum
659 3803 742 3864 recte
764 3799 991 3866 tradendarum
1012 3819 1119 3865 curam
1146 3799 1258 3882 habet3

94 3911 190 3975 inrmo
213 3910 368 3974 nominum
390 3916 423 3974 et
441 3926 640 3975 numerorum
662 3906 896 3972 referendorum
916 3906 1106 3988 negligentia
1127 3907 1259 3988 excellit,

94 4018 121 4082 si
148 4018 240 4082 verbo
262 4016 307 4080 uti
330 4015 411 4080 licet.
456 4016 554 4094 Quam
583 4017 614 4080 in
644 4013 735 4078 rebus
757 4013 876 4079 levibus
905 4013 1064 4080 tradendis
1086 4014 1258 4080 socordiam
