2848 4636
632 391 675 400 ‘m
722 304 760 362 37

605 393 629 402 ..
679 389 889 402 -·-——-·-----.

244 489 355 572 Etiam
379 510 456 592 App.
488 514 527 576 38
558 531 614 594 per
645 501 721 581 Zonss
750 519 770 583 l.
799 535 824 581 c.
856 511 976 591 aliquid
1003 512 1082 578 lueis
1111 510 1254 587 affertur,
1285 505 1325 570 de

163 615 278 695 capitis
307 615 505 682 damnatione
538 622 618 683 enirn
642 620 866 704 Hasdrubalis,
896 621 934 686 de
964 637 1027 701 qua
1057 617 1155 682 refert
1175 615 1323 692 Zonaras,
1422 657 1423 660 ,

163 721 308 805 (Cassius
339 722 413 807 Dio)
445 726 606 808 Appianus
635 748 691 811 pro
723 748 781 795 sua
810 729 938 795 levitate
973 725 1047 790 nihil
1077 723 1184 788 tradit.
1210 758 1249 768 -
1278 719 1325 784 Dc

165 847 271 893 errore
300 831 421 895 remissi
443 831 586 912 Magonis
614 835 679 917 jam
709 855 805 919 supra
833 836 1021 900 mentionem
1048 831 1114 896 leci.
1141 866 1164 875 -
1196 827 1325 893 Maximi

164 937 308 1000 momenti
330 943 394 1019 est,
424 939 506 1020 quod
525 941 584 1005 Dio
606 942 708 1007 Jubae
731 943 943 1008 narrationem
972 941 1011 1006 de
1038 939 1119 1005 bello
1139 935 1324 1001 Hannibalis

38 1081 42 1094 ·
166 1049 198 1106 et
218 1042 421 1109 Massinissae
448 1045 550 1111 hieme
578 1050 652 1114 anni
676 1040 777 1134 nossa
806 1055 896 1130 gesto
926 1047 1049 1130 probat.
1092 1045 1182 1110 Nam¹
1200 1043 1238 1106 de
1268 1039 1342 1106 hoc¹

164 1149 244 1241 bello
266 1169 369 1231 neque
398 1149 481 1233 apud
505 1154 669 1236 Polybium
690 1175 792 1240 ,neque
813 1156 898 1237 apud
922 1155 1044 1220 Livium
1071 1151 1239 1233 quidquam
1261 1155 1326 1213 tra·

166 1257 260 1336 ditur,
283 1277 378 1340 quum
399 1269 529 1342 uterque
544 1262 751 1327 Hannibalem
772 1263 877 1344 paullo
899 1268 972 1326 ante
991 1249 1325 1342 pugnam'Zamensem

165 1363 376 1446 Hadrumeto,
408 1367 460 1431 ubi
481 1369 614 1450 primunr
638 1388 732 1434 naves
760 1369 928 1451 appulerat
948 1367 1196 1449 proficiscentem
1218 1364 1324 1449 faciat,

163 1473 252 1553 quasi
272 1491 329 1555 per
351 1479 450 1540 totam
465 1474 596 1540 hiemem
616 1477 754 1556 segniter
768 1477 800 1539 in
810 1475 949 1541 hibernis
967 1473 1175 1539 consedisset!
1188 1470 1320 1535 -Novi

165 1581 240 1644 anni
262 1582 405 1646 consules
420 1582 497 1666 (202
514 1601 542 1646 a.
559 1582 646 1665 Chr.)
667 1601 835 1664 eorumque
850 1599 901 1646 res
914 1587 1020 1662 gestas
1035 1582 1093 1674 Dio
1112 1578 1204 1663 (Zon.
1214 1583 1271 1643 441
1283 1576 1325 1660 C)

164 1704 202 1751 err
223 1687 310 1751 Livio
330 1688 425 1769 XXX,
440 1693 520 1770 38‚6
543 1690 865 1772 sumpsisse‘videtur.
910 1689 977 1766 Qua
998 1707 1031 1752 re
1052 1688 1196 1752 absoluta
1216 1687 1323 1750 statim

164 1795 249 1858 redit
275 1795 314 1859 ad
337 1795 450 1860 Jubam
478 1798 551 1861 Zon.
582 1798 616 1862 P.
643 1796 827 1878 144101),
860 1797 896 1862 cf.
927 1797 1004 1878 App.
1036 1799 1084 1858 36.
1136 1793 1182 1858 De
1211 1812 1326 1872 errore,

166 1903 482 1982 quemAppianusin
505 1910 644 1986 tempore
666 1902 873 1986 computando
895 1902 1056 1981 commisit,
1076 1921 1106 1982 p.
1130 1907 1168 1964 59
1192 1901 1324 1981 egimus;

167 2008 240 2073 Zon.
264 2009 284 2074 l.
308 2027 334 2074 c.
362 1992 449 2072 recte
478 2012 560 2075 iveris
588 2011 722 2080 initium¹
744 2010 846 2090 affert.
896 2008 994 2073 Deest
1023 2009 1165 2089 Appiano
1196 2007 1326 2071 nuntius

165 2115 260 2180 cladis
274 2116 315 2180 ab
329 2115 506 2181 Hannibale
523 2103 725 2182 Massinissae
740 2118 862 2197 illatae;
885 2116 923 2182 cf.
941 2117 1016 2180 Zon.
1029 2117 1048 2180 l.
1069 2134 1105 2197 c,
1127 2115 1180 2196 qui
1198 2115 1326 2178 nuntius

163 2224 230 2286 sine
255 2223 347 2310 (lubio
371 2223 485 2287 eluba
505 2230 594 2290 ortus
616 2230 667 2298 cst
679 2231 712 2289 ct
732 2242 883 2290 summam
906 2223 1001 2287 habet
1018 2223 1121 2287 fidem.
1163 2218 1209 2294 Eo
1224 2221 1325 2302 magis

125 2375 128 2382 ⁴
164 2331 275 2394 mirum
287 2330 418 2409 videtur,
439 2331 522 2410 quod
535 2331 643 2412 Polyb.
657 2331 726 2412 XV,
740 2337 767 2410 5,
782 2336 818 2394 15
833 2331 941 2411 tradit,
963 2330 1177 2398 Massinissam
1194 2328 1326 2406 feliciter

139 2455 230 2499 rem
254 2437 399 2517 gessisse
429 2437 583 2518 quomodo
614 2439 673 2501 bae
695 2438 910 2518 discrepantes
936 2455 986 2502 res
1015 2436 1092 2501 solui
1115 2437 1252 2515 possint,
1277 2435 1327 2498 hic

167 2560 229 2606 non
252 2561 351 2607 meum
372 2549 422 2607 est
442 2533 605 2625 quaerere;
626 2563 732 2608 verum
748 2545 838 2608 facile
859 2544 954 2622 videS,
975 2545 1085 2624 quanti
1107 2543 1255 2606 momenti
1274 2541 1325 2623 sit,

168 2649 256 2727 scire,
277 2651 326 2714 cui
348 2651 445 2731 major
456 2651 533 2716 fides
547 2651 714 2717 tribuenda
730 2652 781 2715 sit.
797 2687 833 2696 -
848 2649 1054 2730 Sequentibus
1072 2649 1171 2715 verbis
1186 2649 1327 2712 Zonaras

167 2762 224 2822 441
241 2757 411 2838 D‚·quibus
435 2759 473 2822 de
495 2760 684 2824 exercituum
708 2765 808 2838 motu,
830 2757 868 2822 de
889 2758 1005 2839 proelio
1028 2757 1180 2838 equestri,
1203 2755 1241 2820 dc
1262 2755 1327 2818 iru-

166 2870 270 2927 mento
292 2865 465 2945 intercepto
487 2867 636 2930 certiores
654 2865 746 2930 fimus
766 2866 832 2929 sine
855 2865 947 2929 dubio
970 2863 1071 2932 Jubae
1094 2863 1236 2927 narratio
1257 2863 1328 2926 fun-

167 2968 312 3033 damento
332 2969 393 3034 fuit
414 2972 450 3035 cl.
475 2973 551 3054 dpp.
575 2975 623 3036 36.
667 2972 713 3036 Do
734 2972 922 3037 exercituum
945 2970 1079 3035 motibus
1101 2970 1240 3034 Zonaras
1263 2967 1284 3032 l.
1301 2987 1327 3032 c.

168 3075 365 3139 accuratiora
393 3075 500 3159 habet,
536 3078 573 3143 de
598 3079 754 3144 frumento
784 3079 956 3160 intercepto
987 3085 1091 3142 autem
1122 3095 1158 3140 ex
1186 3076 1338 3157 Appiano

102 3211 104 3218 ¹
168 3181 259 3264 plura
282 3181 439 3268 discimus.
490 3185 654 3251 Caeterum
677 3187 815 3250 Zonaras
845 3201 912 3249 rem
940 3183 1168 3265 aliquantulum
1194 3184 1330 3248 mutavit

168 3293 203 3352 et
232 3289 263 3352 in
293 3289 386 3353 robus
416 3288 582 3357 reddendis
611 3312 631 3356 a
662 3311 736 3357 vero
765 3291 907 3357 recessit:
944 3310 1004 3356 non
1032 3291 1113 3356 enim
1144 3289 1329 3374 σκευοφόρα

167 3395 247 3460 καθ’
268 3395 348 3458 ὁδὸν
368 3383 583 3478 τυγχάνοντα,
613 3401 667 3464 sed
691 3399 815 3482 α’γοροὶν
838 3398 1079 3481 (commeatum)
1103 3399 1206 3479 Scipio
1229 3398 1329 3478 cepit3

129 3507 138 3533 '
167 3519 267 3583 neque
295 3501 370 3566 haec
398 3521 447 3566 res
477 3502 617 3585 ἐτάραξε
647 3505 852 3570 Hannibalem
880 3487 935 3568 sed
965 3504 1005 3568 ad
1033 3505 1168 3587 inopiam
1199 3505 1328 3584 redegit.

169 3609 260 3673 Talia
286 3614 390 3674 autem
418 3610 450 3673 in
480 3628 582 3676 rerum
614 3613 816 3694 scriptoribus
845 3612 1054 3693 posteriorum
1083 3619 1257 3694 temporum
1282 3611 1328 3675 'ab

168 3717 245 3797 ipsis
277 3718 371 3783 rebus
402 3718 499 3798 gestis
530 3719 636 3784 multis
667 3720 801 3786 saeculis
833 3719 996 3800 diremptis
1029 3718 1230 3785 offensionem
1265 3735 1328 3783 non

170 3823 330 3902 praebent.
359 3861 389 3870 ·-
422 3824 582 3890 Novarum
605 3827 798 3892 indutiarum
820 3827 1006 3891 mentionem
1027 3825 1120 3909 (Zon.
1144 3827 1178 3890 P.
1202 3831 1228 3888 1.
1250 3824 1329 3906 442)

171 3934 278 3992 noster
298 3951 335 3995 ox
353 3931 438 3998 Jubo
460 3940 492 3997 ct
511 3951 549 3998 ex
571 3934 659 3998 Livio
681 3938 713 3998 ct
735 3953 774 3998 cx
794 3951 851 3998 suo
871 3915 1101 3999 contaminavit.
1143 3932 1258 3998 anam
1282 3933 1329 3998 in·

172 4037 278 4100 dicant
299 4037 408 4104 haecce
433 4041 539 4105 verba:
570 4047 709 4130 πέμψας
731 4029 789 4104 οὖν
824 4041 905 4121 πρὸς
940 4043 999 4104 oda·
1027 4044 1266 4106 Macota-locas
1295 4039 1331 4103 δι’
