2848 4636
657 231 696 291 14

97 428 297 512 Massinissa,
326 431 480 512 adquam
502 431 556 498 illa
576 432 705 499 consilia
727 431 931 514 spectabant,
965 437 1054 499 arcte
1077 437 1259 518 conjunctus

97 541 175 601 erat.

177 642 263 709 Idem
284 642 348 708 fere
369 642 453 708 cadit
480 644 512 708 in
539 661 589 724 ea,
623 660 704 726 quae
731 640 887 710 derebus
917 644 1000 710 inter
1028 645 1199 728 Syphacem
1225 654 1259 716 et

96 749 310 816 Massinissam
333 751 411 817 actis
432 751 464 814 in
485 768 551 832 cap.
575 755 612 815 17
634 749 773 833 legimus.
815 751 878 816 Per·
904 769 939 816 se
970 752 1052 816 enim
1069 759 1175 837 patet,
1206 773 1257 821 res

95 857 166 922 illas
186 857 313 922 arbitris
334 858 463 923 remotis
484 862 571 923 actas
586 875 662 924 esse.
705 857 824 924 Deinde
834 857 916 922 unde
929 858 1049 939 petitus
1062 865 1113 925 est
1126 862 1257 928 nuntius

96 969 234 1030 secretae
254 963 437 1045 legationis,
457 981 549 1044 qnam
571 963 746 1046 Sophoniba
759 964 800 1029 ad
815 963 1031 1030 Massinissam
1052 966 1138 1032 misit
1147 967 1190 1048 (a.
1203 970 1257 1049 27)

95 1070 216 1134 nisiex
244 1069 445 1136 Massinissae
472 1071 571 1152 ipsius
598 1071 675 1135 ore?
705 1070 796 1136 Unde
821 1077 933 1136 auctor
959 1076 1068 1138 noster
1095 1075 1255 1155 comperit,

95 1193 199 1258 regem
232 1177 311 1242 clam
346 1176 526 1242 convenisse
562 1195 632 1243 aum
670 1176 870 1260 Sophoniba?
910 1177 1000 1243 Unde
1031 1178 1161 1261 denique
1190 1185 1253 1244 tem

96 1290 241 1350 accurata
262 1284 301 1349 de
322 1302 464 1348 sermone
486 1284 567 1348 inter
582 1283 798 1349 Massinissam
818 1289 851 1349 et
872 1283 958 1348 illam
978 1283 1086 1351 habito
1106 1287 1252 1367 sumpsit;

95 1409 167 1456 nam
193 1409 268 1456 cave
285 1390 405 1472 creden,
425 1409 463 1456 ea
482 1390 557 1456 ficta
578 1408 655 1473 esse3
678 1389 842 1456 confirmat
857 1390 940 1455 enim
960 1408 1018 1456 sua
1031 1392 1125 1458 verba
1142 1398 1252 1458 auctor

95 1497 274 1563 Numidicus
297 1496 381 1563 hisce
402 1497 521 1563 verbis:
546 1497 643 1560 οὐδὲν
669 1497 700 1559 δ’
720 1495 823 1561 εἰπών
843 1498 891 1560 ἔτι
911 1495 1051 1581 ἐξήλασε
1067 1498 1124 1562 σὰν
1146 1495 1251 1563 ἵππον

95 1603 267 1689 (Massia).

175 1711 318 1792 Denique
338 1729 377 1775 ne
398 1710 463 1775 ulla
485 1709 636 1776 dubitatio
652 1709 691 1774 de
711 1709 886 1774 arctissima
907 1711 1127 1792 conjunctione
1149 1717 1255 1780 aucm-

93 1821 136 1883 ris
159 1837 228 1884 cum
249 1835 362 1899 genere
382 1835 419 1882 ao
441 1817 533 1882 domo
556 1815 757 1882 Massinissae
778 1815 981 1899 relinquatur,
1001 1818 1105 1883 locum
1126 1820 1256 1886 afferam

94 1931 157 1990 tam
169 1925 360 2006 singularem
377 1928 410 1988 et
423 1924 591 2005 proprium,
612 1930 648 1989 ut
670 1941 706 1988 so
727 1924 794 2005 ipse
816 1930 926 1988 auctor
945 1943 982 1990 se
1001 1927 1255 2007 aperteprodat:

93 2032 135 2117 (c.
171 2030 225 2114 14)
248 2029 501 2114 Μασσανάσσης
522 2031 551 2094 δ’
571 2031 645 2094 ἐπεὶ
674 2033 771 2094 τοῦτο
799 2031 1022 2106 ἐξετετέλεσοο
1045 2030 1181 2116 οἷπήντα
1209 2036 1258 2114 τῷ

82 2137 218 2204 'harpam
239 2138 280 2212 οἷς
300 2138 392 2221 φίλος
413 2136 590 2201 ἐπανιόντι·
619 2137 674 2200 καὶ
701 2137 868 2219 συλλαβών
895 2138 998 2201 αὐτόν
1016 2137 1144 2221 α’πῆγεν
1164 2138 1197 2212 ἐς
1215 2140 1254 2202 cd

92 2250 152 2311 τοῦ
181 2250 359 2318 Σκιπίωνος
402 2242 627 2327 στρατόπεδον
669 2243 724 2306 καὶ
764 2243 935 2310 α’πέδωκεν
969 2241 1145 2327 Ἀσδρούβα
1183 2247 1232 2327 τῆ
1238 2267 1253 2318 ς

91 2354 233 2438 μητρὸς
254 2356 318 2437 τῆς
338 2353 488 2415 ἑαυτοῦ.

174 2459 332 2539 Quomodo
354 2458 429 2523 talia
451 2459 483 2523 in
505 2457 668 2523 historiam
689 2455 900 2538 irrepserunt,
937 2456 996 2523 nisi
1025 2457 1097 2538 quia
1119 2457 1253 2540 scriptor

92 2587 196 2634 rerum
216 2567 341 2632 illarum
361 2567 481 2647 pietate
502 2565 648 2630 inductus
670 2578 732 2629 non
754 2562 843 2628 modo
859 2561 1061 2630 Massinissae
1083 2582 1134 2629 res
1146 2569 1254 2645 gestas

91 2676 147 2740 sed
168 2676 261 2740 etiam
281 2672 423 2738 matris
444 2672 511 2754 eJus
531 2687 623 2736 casus
643 2675 737 2751 atque
756 2668 912 2736 fortunam
933 2671 1102 2736 memoriae
1118 2672 1254 2752 prodere

92 2781 213 2847 voluit?

659 3061 691 3130 3.

174 3225 242 3303 Qua
265 3243 299 3290 re
322 3223 470 3288 absoluta
486 3221 551 3304 jam
574 3237 611 3285 eo
628 3220 714 3286 venit
733 3219 903 3301 disputatio
925 3225 1044 3301 nostra,
1066 3225 1100 3298 ut
1121 3219 1161 3284 da
1183 3219 1254 3300 ipso

92 3332 214 3396 nomino
228 3349 265 3395 ac
277 3337 417 3411 tempore
433 3329 568 3394 auctoris
576 3327 731 3392 Numidici
745 3332 865 3391 certum
883 3325 1036 3407 judicium
1053 3324 1135 3390 ferre
1149 3325 1250 3390 liceat.

172 3437 199 3502 E
228 3443 323 3519 gente
349 3436 551 3501 Massinissae
577 3433 638 3498 duo
663 3434 738 3515 viri,
769 3437 921 3514 quantum
949 3432 1077 3512 scimus,
1112 3432 1251 3497 historiis

91 3545 260 3612 scribendis
295 3562 422 3625 operam
454 3541 624 3621 dederunt;
662 3559 793 3622 quorum
824 3541 904 3606 alter
932 3538 1095 3620 Hiempsal
1117 3539 1149 3601 H
1181 3535 1250 3616 luit,

90 3653 291 3718 Massinissae
312 3667 479 3731 pronepos,
502 3649 555 3730 qui
577 3647 739 3713 interiecto
761 3646 921 3728 Jugurtha
942 3666 967 3711 ο.
990 3665 1017 3710 a.
1040 3649 1107 3707 100.
1130 3661 1158 3706 a.
1176 3642 1249 3707 Chr.

91 3761 254 3826 Numidiae
276 3765 308 3822 et
327 3757 428 3838 partis
444 3755 606 3820 Gaetuliae
631 3771 757 3835 regnum
780 3755 907 3835 accepit.
950 3752 998 3815 Ex
1020 3748 1094 3814 Sall.
1110 3749 1183 3831 Jug.
1202 3753 1249 3812 17.

38 3929 40 3936 ,
91 3869 247 3949 νίᾱοιοοε,
282 3862 492 3944 Hiempsalem
514 3860 622 3942 lingua
647 3862 759 3942 punica
791 3863 830 3926 de
855 3858 1038 3941 populorum
1065 3855 1251 3938 Libycarum

90 3975 208 4054 origine
238 3972 434 4049 disseruisse3
478 3983 533 4048 per
563 3985 597 4030 se
632 3973 739 4031 autern
775 3971 872 4049 patet,
908 3963 1116 4045 Hiempsalem
1143 3963 1249 4030 eodem
