2848 4636
704 297 865 394 27-

144 519 272 582 prorsus
287 502 429 566 diversas
442 520 493 566 res
514 507 623 582 gestas
638 501 781 566 describi.
825 502 886 568 Sed
899 519 974 566 eave
993 519 1088 566 erres.
1131 503 1209 567 Esse
1220 504 1303 570 enim

144 617 292 687 equestre
314 607 463 688 proelium
485 608 649 674 Liuianum
672 608 714 692 (c.
737 609 796 690 34)
820 609 915 687 idem,
942 609 1026 690 quod
1049 611 1128 690 App.
1150 614 1187 676 14
1208 609 1304 674 refert

145 714 193 777 his
214 715 305 778 rebus
327 721 411 779 certe
433 715 594 780 evincitur.
638 716 774 780 Primum
789 714 869 780 idem
885 716 941 779 viri
957 716 1124 780 eorundem
1145 717 1303 782 nominum

146 821 270 886 easdem
299 822 363 885 fere
397 828 504 903 partes
543 821 628 903 apud
660 825 824 904 utrumque
860 828 973 902 agunt:
1007 823 1190 888 Massinissa
1217 825 1302 904 apud

146 932 311 1008 utrumque
334 927 638 1010 Carthaginiensium
667 930 840 1010 equitatum
871 930 902 993 in
932 930 1060 994 insidias
1089 931 1221 1011 pellicit3
1247 949 1303 1011 per

144 1051 337 1100 communem
360 1035 511 1116 Scipionis
542 1042 575 1101 et
593 1036 794 1102 Massinissae
822 1037 971 1117 impetum
1000 1037 1128 1100 alterius
1159 1037 1303 1104 airontc

146 1141 274 1206 alterius
303 1160 322 1206 a
349 1148 437 1222 tergo
467 1143 574 1208 hostes
600 1144 794 1224 obruuntur;
826 1143 963 1224 equitum
993 1143 1167 1224 praefectus
1191 1144 1304 1226 Hanno

145 1255 210 1330 est,
237 1249 305 1330 qui,
336 1250 361 1314 si
384 1249 541 1316 Valerium
572 1255 604 1314 et
634 1249 777 1328 Coelium,
804 1250 885 1314 idem
909 1252 1057 1329 proelium
1092 1250 1175 1332 quod
1197 1251 1304 1318 Livius

145 1363 313 1422 narrantes
344 1355 517 1436 sequimur,
552 1357 583 1421 iu
612 1356 670 1420 hoc
705 1356 820 1436 proelio
849 1358 979 1437 capitur.
1030 1357 1186 1440 Denique,
1221 1359 1304 1439 quod

146 1463 313 1528 maximum
337 1471 393 1536 est,
414 1463 521 1526 Livius
544 1467 649 1541 34,17
673 1462 748 1527 dicit
771 1463 873 1526 »inter
894 1481 947 1527 eos
969 1463 1094 1546 (captos
1115 1473 1147 1530 et
1169 1465 1303 1549 occisos)

147 1571 224 1634 satis
253 1569 418 1634 constabat
447 1587 509 1632 non
539 1570 641 1634 minus
670 1568 818 1632 ducentos
850 1567 1151 1650 Carthaginiensium
1184 1574 1304 1653 equites

146 1675 241 1741 fuisse
265 1682 298 1739 et
318 1674 431 1739 divites
455 1676 606 1756 quosdam
629 1683 661 1740 et
681 1693 796 1756 genere
818 1675 992 1756 illustres«;
1015 1678 1176 1758 Annianus
1197 1685 1304 1744 autem

147 1785 267 1865 etipse
288 1783 402 1862 tradit,
431 1783 613 1849 lectissimos
637 1783 810 1848 Poenorum
839 1783 960 1864 equites
988 1784 1170 1848 Hannonem
1195 1793 1305 1851 contra

147 1889 254 1954 hostes
278 1889 412 1954 duxisse.
465 1887 564 1967 Quum
594 1895 699 1954 autem
726 1909 798 1954 raro
821 1889 977 1970 stipendia
997 1892 1169 1955 meruerint
1188 1893 1304 1958 nobiles

148 1995 423 2076 Carthaginienses
452 1997 500 2076 [ci
518 1997 735 2062 Weissenborn
757 1997 796 2061 ad
823 1997 886 2060 Liv.
908 1997 927 2060 l.
951 2015 994 2077 c.;
1022 1997 1193 2062 Mommsen
1215 2000 1305 2064 Riirn.

148 2103 259 2170 Gesch.
284 2109 309 2166 1.
331 2107 390 2166 177
413 2103 514 2186 sqq),
538 2109 685 2186 apparet,
715 2104 796 2168 idem
818 2104 1135 2185 proelium‘equestre
1156 2107 1197 2170 ab
1220 2113 1306 2172 utro-

148 2229 208 2291 que
227 2210 405 2291 significari.

232 2318 291 2382 Ubi
312 2326 417 2382 autem
439 2317 524 2398 apud
546 2317 668 2384 Livium
689 2335 726 2380 ea
746 2323 829 2397 sunt,
851 2335 931 2398 quae
953 2318 1116 2398 Appianas
1137 2319 1168 2381 in
1190 2337 1256 2400 cap.
1269 2325 1305 2383 lo

151 2426 190 2489 de
205 2426 436 2506 oppugnatione
453 2422 677 2503 urbisLochae,
700 2424 739 2488 de
753 2423 905 2488 foedere
919 2430 1045 2505 rupto,
1060 2425 1105 2486 de
1120 2426 1307 2490 contruci-

153 2529 261 2592 datis
302 2532 466 2611 ineolis,
505 2531 544 2594 da
579 2531 813 2596 centurionibus
847 2530 998 2610 supplicio
1034 2529 1153 2594 affectis
1191 2531 1307 2596 habet?

153 2635 234 2702 Sane
254 2637 292 2700 de
313 2637 403 2702 rebus
423 2638 608 2718 quibusdam
631 2646 705 2701 ante
727 2637 832 2702 urbem
847 2635 1016 2717 Salaecam,
1039 2654 1118 2716 quae
1133 2638 1199 2702 siue
1213 2637 1306 2702 dubio

152 2745 259 2808 eadem
290 2751 353 2825 est,
381 2764 475 2827 quam
504 2744 663 2826 Appianas
692 2743 829 2808 Loeham
859 2744 1043 2825 appellat*),
1080 2745 1177 2822 gestis
1209 2751 1242 2810 et
1269 2745 1308 2810 de

150 2851 303 2933 praesidio
325 2853 393 2916 urbi
406 2853 551 2932 imposito
568 2851 649 2931 apud
665 2851 788 2914 Livium
811 2851 959 2914 nonnulla
981 2857 1114 2930 exstant,
1136 2852 1191 2916 sed
1211 2871 1306 2933 quam
1383 2863 1385 2868 '

150 2959 229 3024 lalsa
252 2961 315 3024 sint
329 2960 473 3040 Appiano
495 2958 606 3023 collato
626 2957 715 3022 facile
734 2957 928 3038 intelligitur.
971 2957 1051 3022 Nam
1067 2959 1215 3038 proelium
1231 2960 1308 3024 illud

150 3071 294 3146 equestre
317 3067 357 3130 ad
390 3066 499 3132 urbem
522 3065 681 3130 Salaecam
703 3065 818 3128 iactum
845 3065 958 3147 tradit,
987 3084 1079 3146 quum
1108 3083 1145 3128 ex
1168 3071 1246 3146 App.
1272 3072 1310 3132 14

151 3219 433 3230 ..ψ-Η

220 3285 246 3350 *)
265 3283 341 3338 Inter
358 3284 419 3352 ipsa
432 3284 542 3338 nomina
559 3283 690 3351 quaedam
701 3283 848 3338 similitudo
861 3283 1019 3339 intercedit:
1036 3283 1151 3338 Salaeca
1165 3313 1196 3324 -
1208 3284 1309 3338 Locha.

151 3377 280 3432 Fortasse
298 3377 397 3445 aliquis
416 3375 497 3447 dicat,
516 3377 599 3432 verba
612 3392 629 3432 a
641 3376 752 3432 librario
764 3383 892 3446 corrupta
909 3391 983 3442 esse;
1001 3374 1049 3430 sed
1068 3377 1152 3444 magis
1169 3378 1310 3446 probabile

151 3471 217 3524 mihi
239 3470 359 3538 videtur,
387 3471 450 3526 huic
474 3471 514 3524 rei
537 3472 628 3526 inesse
654 3471 794 3539 vestigium
819 3471 947 3539 auctoris,
971 3486 1051 3538 quum
1070 3469 1190 3538 Appiani
1216 3477 1311 3524 auctor

150 3563 311 3618 Numidicus
324 3564 494 3619 Numidicam
506 3564 620 3619 nominis
633 3547 754 3634 formam,
765 3564 858 3618 Livius
870 3570 958 3617 autem
968 3562 1097 3617 Graecam
1109 3565 1152 3617 vel
1163 3565 1310 3617 Romanam

150 3658 301 3713 tradiderit.
322 3657 405 3712 Aliud
422 3660 500 3725 hujus
513 3658 552 3712 rei
571 3657 723 3726 exemplum
738 3658 856 3712 occurrit
867 3657 924 3710 Liv.
940 3655 1040 3726 XXIX,
1055 3656 1096 3720 29,
1109 3655 1133 3724 S,
1152 3657 1197 3710 ubi
1213 3672 1311 3710 nomen

150 3751 332 3808 Mazaetullus
359 3752 483 3822 affertur,
511 3751 584 3820 quod
610 3767 707 3806 nomen
723 3751 794 3804 redit
817 3750 889 3818 apud
913 3750 985 3818 App.
1010 3751 1054 3805 33:
1088 3751 1246 3817 Μισάηλος
1275 3749 1309 3803 cf.

152 3844 348 3900 Weissenborn
363 3845 398 3902 ad
417 3847 475 3901 Lis.
493 3847 519 3900 h
537 3846 555 3900 l.
590 3843 793 3900 Friedersdorff
811 3845 829 3898 l.
849 3861 871 3899 c.
889 3859 916 3912 p.
936 3843 977 3898 65.
998 3873 1029 3883 -
1055 3844 1197 3898 Caeterum
1221 3858 1311 3896 nona

151 3939 388 3995 verisimilitudine
408 3940 549 4004 abhorret,
574 3938 729 4007 Appianum
748 3954 845 3994 nomen
863 3937 957 3993 Locha
979 3939 1129 3994 mutilatum
1153 3935 1311 3994 tradidisses

152 4033 186 4088 cf.
203 4031 303 4088 Nissen
320 4032 441 4100 Quaestt.
459 4034 517 4088 biv.
529 4050 563 4102 p.
583 4033 640 4087 115.
