2848 4636
731 265 752 326 4

596 347 885 360 ψ*

160 465 243 548 apud
271 471 411 563 caeteros
440 484 564 547 quoque
591 467 782 549 posteriores
814 485 919 532 rerum
952 469 1122 551 scriptores
1151 471 1316 552 deprehen·

160 574 274 650 dimus3
296 578 489 654 quapropter
511 592 549 638 ea
570 573 692 655 quidem
714 592 774 638 non
797 573 944 638 offendor.
993 574 1095 656 Magis
1118 585 1220 642 autom
1242 581 1316 644 mira

158 681 292 761 Appiani
315 679 504 760 negligentia
531 681 562 745 in
594 681 786 761 temporibus
815 679 1033 762 computandis
1066 689 1132 762 est,
1146 666 1247 769 'cujus
1268 705 1317 751 ex-

157 786 352 868 plicationem
374 804 436 849 non
451 803 620 866 possemus
642 785 794 864 invenire,
823 786 883 850 nisi
909 787 976 868 ipse
1006 777 1039 852 iu
1065 787 1163 870 praef,
1191 797 1258 879 cap.
1282 792 1315 850 13

98 874 101 880 ⁸
157 891 464 973 haecceproferret:
491 893 578 966 ,τούς
615 893 653 970 δὲ
687 891 821 974 ’χρόνους
855 887 912 956 ἐπὶ
947 899 1008 976 μὲν
1042 899 1128 960 πᾶσι
1161 896 1317 976 περισσὸν

156 1000 299 1084 ἡγούμην
321 1000 507 1079 καταλέγειν
528 1000 584 1061 ἐπὶ
605 999 643 1060 δὲ·
664 1002 730 1062 τῶν
752 985 1025 1082 §procreandam
1038 1003 1073 1064 ἐκ
1088 989 1317 1085 διαστημάτων

99 1143 101 1148 -
157 1106 349 1192 ὑπομνήσω.
392 1107 501 1182 Nonne
523 1105 599 1170 hacc
621 1107 711 1187 quasi
732 1107 766 1170 se
778 1113 969 1188 purgaturus
987 1100 1156 1190 protulisse
1174 1110 1316 1174 ridetur?

157 1215 227 1299 Jam
258 1232 331 1278 vero
357 1213 519 1294 Appianas
556 1217 625 1277 arte
658 1213 815 1277 rhetorica
852 1232 913 1278 non
948 1215 1048 1280 minus
1078 1233 1170 1296 quam
1203 1219 1316 1282 caeteri

156 1320 294 1403 ejusdem
314 1321 460 1400 temporis
475 1338 577 1384 rerum
596 1321 765 1401 scriptores
781 1319 931 1385 historias
946 1339 1097 1386 exornare
1112 1327 1144 1387 et
1159 1322 1314 1386 illustrare

157 1413 295 1492 conatur.
338 1427 451 1509 Itaque
466 1423 665 1491 'orationibus
687 1419 848 1506 fingendis
872 1435 909 1490 et·
931 1429 1097 1510 diligenter
1125 1428 1313 1508 expoliendis

157 1535 283 1616 operam
303 1534 377 1611 dat3
409 1539 503 1614 atquo
525 1529 611 1613 quod
628 1535 756 1614 gravius
770 1534 902 1613 'uitium'
919 1543 968 1599 est
995 1535 1089 1600 etiam
1109 1550 1213 1625 rerum
1244 1555 1314 1598 riar-

157 1643 311 1705 rationem
341 1641 382 1705 ad
427 1639 592 1704 monendos
628 1639 782 1704 lectorum
818 1641 936 1705 animos
978 1643 1104 1723 saepius·
1137 1649 1271 1707 commut
1292 1650 1314 1706 t.

61 1835 63 1842 Ι
155 1749 304 1829 Magnum
326 1751 432 1811 autem
454 1745 554 1810 nostri
577 1747 711 1819 studium
736 1754 784 1812 est
813 1749 973 1829 ingenium
1002 1740 1093 1813 suum
1122 1749 1314 1814 ostendendi.

154 1855 223 1920 Hac
246 1874 279 1918 re
300 1853 353 1936 fit,
383 1861 419 1918 ut
441 1854 565 1934 saepius
588 1867 661 1918 suas
683 1855 888 1934 cogitationes
907 1873 1014 1920 rerum
1035 1861 1196 1934 gestarum
1219 1858 1318 1920 ordini

150 1964 335 2042 interponat
356 1967 402 2040 et,
426 1949 507 2041 quod
532 1960 713 2040 saepissime
736 1962 886 2042 occurrit,
915 1965 951 2025 ut
971 1979 1067 2025 novas
1093 1967 1129 2030 ,et
1157 1963 1317 2026 inauditas

153 2087 256 2134 rerum
302 2085 411 2132 causas
456 2066 563 2146 fingat.
626 2067 736 2148 ltaque
777 2067 954 2149 ubicunque
993 2067 1069 2131 talia
1108 2069 1317 2149 inveniuntur,

134 2173 364 2256 'quaerendum
387 2178 451 2254 cst,
472 2158 554 2238 unde
577 2174 635 2237 hae
656 2189 761 2237 rerum
783 2191 897 2239 causae
919 2178 1006 2238 ortae
1027 2175 1202 2239 videantur.

210 2267 212 2272 ¹
237 2281 339 2359 Quum
362 2280 435 2344 talis
456 2297 559 2343 rerum
588 2279 721 2360 scriptor
741 2281 899 2360 Appianus
927 2279 1035 2360 fuerit,
1062 2280 1160 2361 primo
1190 2281 1315 2361 quidem

152 2389 263 2452 obtutu
286 2386 375 2450 facile
398 2385 510 2466 aliquis
531 2385 621 2451 fidem
643 2386 821 2451 historicam
852 2387 918 2468 ejus
947 2391 1003 2451 aut
1031 2401 1164 2474 parvam
1189 2392 1315 2452 censeat

153 2502 209 2560 aut
230 2511 360 2575 prorsus
382 2493 409 2557 ei
431 2493 603 2582 abjudicet3
643 2494 692 2574 id,
722 2491 802 2575 quod
831 2510 866 2558 re
894 2503 970 2558 vera
997 2494 1156 2574 hucusque
1175 2495 1316 2576 plerique

152 2602 300 2665 fecerunt.
343 2595 425 2664 Num
448 2604 532 2663 recte
556 2598 695 2681 fecerint,
712 2599 777 2681 jam
800 2600 1008 2681 quaerendum
1030 2602 1163 2666 videtur.
1199 2601 1316 2664 Exstat

145 2708 200 2790 de·
218 2706 361 2788 Appiano
399 2699 561 2770 historico
581 2693 731 2788 Jndicium
767 2705 885 2784 Phuni,
940 2708 999 2770 viri
1042 2706 1180 2787 profecto
1215 2707 1315 2771 mirae

134 2815 314 2879 vdoctrinae
343 2830 442 2893 neque
471 2831 586 2893 parvae
615 2812 828 2877 auctoritatis:
864 2814 935 2876 ἔστι
970 2813 1008 2876 ’δὲ
1024 2814 1222 2898 (appianus)
1252 2814 1317 2896 τήν·

131 2920 275 3006 ’φράσιν
302 2919 473 3001 α’πέριττος
499 2920 553 2981 καὶ
585 2917 703 2998 ἰσχνός·
732 2917 793 3002 τήν
821 2917 850 2980 d
870 2915 1019 3001 ἱστορίαν
1047 2919 1088 2992 οἷς
1114 2911 1215 2982 οἷόντ’
1243 2921 1315 2984 ἐστι

153 3025 336 3112 φιλαλήθης
357 3025 449 3106 (Bibl.
478 3045 508 3107 p.
530 3029 570 3090 24
597 3026 651 3112 eda*
668 3024 829 3108 Hoesch.).
882 3025 1101 3103 Quaestionem
1129 3026 1167 3090 de
1199 3044 1315 3107 genere

152 3133 272 3200 dicendi
292 3134 340 3198 hic
361 3133 487 3196 missam
507 3131 685 3212 iacimus*),
709 3149 814 3196 verum
832 3133 867 3195 in
886 3133 1029 3197 veritatis
1050 3151 1196 3210 amorem,
1220 3125 1314 3213 quarm

151 3241 189 3304 de
212 3244 320 3303 nostro
340 3239 470 3304 Photius
489 3238 670 3319 praedicat,
692 3238 911 3319 inquirendum
933 3238 1003 3302 erit.
1029 3239 1138 3303 Haud
1161 3241 1241 3320 scio,
1271 3257 1315 3302 an

153 3347 254 3411 verbis
277 3345 318 3418 οῖς
331 3336 440 3409 'oldam'
461 3346 532 3408 ἐστι
552 3345 682 3409 Photius
710 3345 808 3409 nostri
833 3344 1053 3425 negligentiam
1080 3351 1113 3410 et
1139 3345 1314 3410 socordiam

152 3455 183 3518 in
205 3454 297 3517 rebus
319 3452 437 3530 levibus
465 3452 627 3516 tradendis
660 3450 836 3540 significare
864 3451 1012 3534 voluerit,
1055 3469 1093 3518 an
1117 3450 1312 3533 indicaverit,

219 3627 245 3694 *)
264 3625 383 3693 Appiani
402 3626 519 3680 elocutio
537 3630 595 3678 toto
625 3624 727 3677 ambitu
750 3624 881 3678 historiae
904 3625 1043 3681 Romanae
1067 3638 1178 3690 prorsus
1199 3622 1313 3689 propria

152 3725 181 3773 et
200 3720 251 3772 sibi
269 3724 395 3773 constans
413 3717 479 3771 est'
500 3718 557 3782 Qua
571 3733 601 3770 re
613 3718 750 3786 probatur,
768 3718 923 3785 Appianum
936 3733 988 3770 non
1006 3715 1168 3769 adverbum
1186 3721 1312 3770 auctores

151 3829 215 3867 suos
234 3814 318 3880 sequi.
354 3813 474 3866 Zonaras
493 3812 576 3879 euim,
596 3811 641 3880 qui
659 3811 693 3865 ad
712 3811 822 3865 verbum
840 3816 964 3865 auctores
982 3808 1111 3862 exscribit
1130 3808 1312 3864 iuAnnalium

152 3907 319 3974 praefatione
337 3907 396 3973 ipse
415 3903 558 3973 profitetur
585 3905 675 3958 stilum
700 3919 778 3958 snum
802 3919 861 3957 esse
885 3903 988 3956 varium
1011 3917 1062 3956 nec
1086 3918 1135 3970 per
1160 3903 1248 3958 omnia
1267 3903 1312 3957 sui

150 4000 273 4054 similem.
