2848 4636
711 261 730 320 6

141 465 299 546 erperode
327 465 437 530 adroic
472 463 711 548 (Romanorum)
740 461 822 549 ὅσην
850 467 979 546 ἔχουσιν
1007 461 1030 548 ἦ
1057 463 1233 546 πρόςοδον,
1258 461 1304 544 ἣν

140 575 342 654 καρποῦνται
375 573 454 637 καθ’
488 572 627 639 ἕκαστον
663 574 761 648 ἔθνος
788 607 828 620 -
864 571 1029 648 ἐπιδείξει.
1061 607 1103 616 -
1139 570 1302 636 Caeterum

140 677 230 761 bujus
251 680 382 760 peritiae
403 680 436 743 in
465 677 553 744 libris
585 679 653 761 ejus
680 679 822 761 exempla
849 678 931 743 baud
957 695 1059 759 pauca
1081 683 1224 760 exstant,
1264 676 1303 743 cf.

140 784 217 850 Bell.
249 784 313 851 Giv.
338 793 371 867 1,
400 791 521 868 isqu,
551 785 605 852 ubi
633 785 673 851 de
701 804 778 867 agro
801 785 925 867 publico
948 803 1068 850 summa
1096 786 1142 850 rei
1171 784 1301 850 scientia

141 891 312 958 disseritur.

574 1171 865 1185 ..-........------

706 1404 738 1470 2.

223 1593 309 1660 Libri
329 1593 432 1660 octavi
453 1595 555 1676 capita
577 1593 702 1658 7-66*
730 1596 891 1676 Appianus
914 1598 1006 1664 rebus
1032 1598 1064 1662 iu
1087 1599 1191 1663 Airica
1216 1599 1299 1662 lutra
1400 1590 1401 1644 l

142 1718 242 1768 anuos
264 1703 424 1768 205-201
448 1720 475 1766 a
498 1699 570 1766 Chr.
594 1719 614 1766 a
633 1701 782 1767 Romanis
803 1702 978 1785 Poenisque
998 1706 1095 1785 gestis
1118 1704 1279 1770 dedicavit.

223 1808 486 1882 Exstant-autem
508 1807 546 1872 de
574 1807 623 1873 bis
645 1807 738 1875 rebus
759 1809 885 1891 praeter
905 1811 1039 1891 Appiani
1060 1811 1172 1877 librum
1199 1813 1301 1877 fontes

143 1933 241 1997 neque
260 1916 353 1997 pauci
372 1933 471 1998 neque
491 1916 583 1980 leves.
625 1916 670 1982 Ac
687 1917 822 1998 primum
844 1915 969 1998 quidem
987 1915 1105 1999 Polybli
1125 1918 1302 1999 fragmenta

143 2027 269 2089 servato
292 2027 382 2089 sunt:
411 2022 499 2104 XIV,
528 2022 874 2100 1-103Xv,1-18.
917 2022 966 2087 Ad
994 2023 1080 2103 eujus
1110 2026 1301 2089 narrationis

143 2129 270 2195 lacunas
304 2128 471 2210 explendas
505 2135 599 2210 aptus
628 2133 677 2195 est
702 2129 810 2194 Livius
837 2129 1089 2211 XXIX-XXX,
1124 2131 1177 2210 qui
1207 2129 1301 2210 longo

142 2235 292 2320 plurima,
319 2233 378 2301 hoc
399 2240 448 2300 est
465 2236 584 2318 omnia,
604 2253 687 2317 quae
709 2234 749 2300 de
759 2235 911 2316 Scipionis
932 2236 1026 2302 rebus
1048 2237 1144 2316 gestis
1168 2236 1301 2317 praebet
1403 2283 1404 2294 t

143 2362 182 2409 ex
202 2341 311 2408 eodem
333 2360 394 2425 quo
416 2342 561 2426 Polybius
583 2342 670 2408 fonte
691 2342 796 2408 hausit
815 2342 853 2407 cf.
873 2341 1118 2425 Friedersdorff,
1139 2343 1247 2408 Livius
1268 2349 1301 2410 et

142 2448 291 2531 Polybius
320 2448 470 2532 Scipionis
500 2467 602 2516 rerum
632 2449 798 2531 scriptores
828 2448 909 2514 mss.
939 2449 1027 2515 Gott.
1051 2453 1139 2514 1869.
1180 2449 1301 2515 Deinde

143 2561 249 2622 autem
281 2556 448 2621 Annalium
480 2555 673 2639 quorundam
703 2555 882 2639 fragmenta
917 2562 1043 2623 exstant
1070 2557 1153 2640 apud
1180 2558 1301 2623 Livium

99 2742 101 2746 v
131 2661 228 2728 bisce
256 2663 346 2728 locis:
383 2663 505 2745 XXIX,
536 2667 675 2746 28-293
708 2663 812 2745 XXX,
850 2668 986 2744 11—153
1018 2663 1059 2729 ib.
1091 2669 1227 2748 lli-*173
1259 2664 1300 2730 ib.

144 2768 345 2850 19-24.**).

226 2876 259 2942 Si
286 2894 355 2942 cum
389 2876 437 2941 his
474 2875 612 2942 fontibus
622 2873 690 2960 ***)
731 2876 894 2940 historiam
928 2875 1066 2955 capitum
1093 2879 1193 2938 7-66
1230 2894 1301 2940 con·

143 2981 280 3065 ierimus,
302 2982 360 3050 boo
382 2983 515 3050 maxime
536 2983 648 3049 mirum
667 2989 700 3049 et
721 2981 920 3049 memorabile
942 2981 1081 3060 videtur,
1112 2981 1194 3062 quod
1217 2982 1300 3064 apud

211 3275 240 3346 *)
263 3245 306 3330 Ile
335 3289 415 3343 capp.
441 3272 507 3328 1-7
535 3269 607 3326 infra
635 3270 845 3340 disputabimus:
877 3268 1046 3338 praelatione
1078 3269 1149 3324 enim
1178 3269 1301 3323 absolute

143 3365 215 3431 (cap.
235 3363 314 3427 1-2)
339 3359 373 3415 de
388 3357 486 3428 Reguli
510 3357 682 3426 expeditione
707 3373 730 3412 a
748 3357 886 3412 eoo-255
903 3373 927 3412 a.
947 3356 1009 3412 Obr.
1033 3357 1061 3412 ln
1084 3355 1205 3412 Africam
1229 3355 1302 3410 faeta

44 3472 47 3478 ·
142 3451 233 3505 relert.
258 3453 349 3516 (capp.
368 3449 458 3513 3-6).
506 3445 583 3502 Haec
611 3443 646 3500 ad
670 3443 770 3500 iontem
794 3442 989 3513 explorandum
1011 3443 1050 3498 nil
1074 3443 1197 3499 conferre
1220 3442 1302 3497 lacile

141 3534 236 3591 intelle
255 3537 317 3590 itur.

211 3551 254 3708 *ξ
270 3638 414 3693 Deborum
423 3635 544 3692 locorum
556 3640 668 3691 auctore
685 3634 741 3692 alia
748 3637 891 3692 occasione
904 3636 969 3691 data
978 3633 1128 3692 accuratius
1139 3630 1301 3686 disseremus

143 3726 360 3795 sententiamque
377 3724 545 3793 propositam
563 3721 744 3780 delendemus.
762 3723 804 3778 De
816 3738 894 3792 capp.
907 3723 986 3786 XXX,
1006 3718 1106 3774 19-24
1117 3717 1151 3774 oi.
1162 3715 1300 3772 Frieders-

144 3813 251 3882 dorffp
277 3813 319 3867 43.

212 3919 275 3984 ue)
298 3915 374 3983 Quae
388 3915 475 3971 cassii
486 3913 583 3970 Dionis
600 3913 646 3981 (ir.
664 3913 705 3980 57,
725 3913 826 3968 63-86
844 3909 886 3968 ed.
900 3907 1021 3977 Diudori;
1039 3907 1104 3964 Zon.
1122 3907 1164 3976 lX,
1188 3911 1300 3972 11-14)

143 4005 212 4062 ratio
229 4005 278 4068 sit,
303 4002 372 4060 infre
391 4001 640 4059 demonstrabimus.
