2848 4636
719 305 737 362 9

148 505 332 579 διακοσίους
361 505 514 584 σταδίους
541 505 701 586 α’ποσχιόν
728 505 1045 589 α’πδ’1(”αρχηδόνος;Ι
1087 525 1112 572 o.
1139 491 1186 571 14.
1213 511 1312 571 Μασ-

147 611 319 694 σανάσσης
353 647 390 657 -
426 611 600 676 ἐδίδασκεν
633 613 834 694 (Scipionem)
872 645 910 660 -·
954 616 985 687 ἔς
1017 637 1048 676 τι
1085 619 1203 695 χωρίον
1241 613 1312 677 α’πδ

146 717 322 798 τριάκοντα
355 718 501 782 σταδίων
527 718 659 803 Ἰτάνης,
704 722 790 782 ἔνθα
819 717 939 803 πύργος
967 719 1059 784 ἐστίν
1087 720 1313 801 Ἀγαθοκλέους

149 825 299 906 ἔργον-’-
322 825 526 907 ἐνεδρεῦσαι,
567 845 591 891 c.
624 832 673 924 47,
713 826 904 909 (Hannibal)
941 827 1096 904 σταδίους
1125 825 1248 901 α’νύσας
1280 828 1312 900 ἐς

150 933 340 1013 τρισχιλίους
361 930 421 995 δύο
435 935 510 1008 νυξί
528 917 637 996 τεκαὶ
659 933 792 1018 ἡμέραις
809 923 888 1019 ἧκεν
902 935 934 1011 ἐς
949 932 1082 998 πόλιν’
1064 957 1121 997 επι
1111 932 1312 1015 θαλάσσης

148 1037 352 1122 Ἀδρυμητόν.
376 1073 415 1085 -
439 1039 520 1104 Sunt
544 1039 676 1104 fortasse
685 1041 766 1122 ,qui
797 1039 878 1105 hauc
900 1041 1056 1105 nominum
1075 1040 1310 1105 Numidiconum

149 1149 182 1210 et
203 1145 340 1226 regionis
361 1145 496 1227 Libycae
516 1146 657 1211 notitiam
679 1147 766 1228 parvi
791 1151 953 1228 oenseant3
982 1143 1015 1210 hi
1036 1146 1127 1211 velim
1149 1145 1310 1212 conferant

150 1251 309 1333 Polybium
332 1257 365 1317 et
386 1253 517 1333 Liuium,
538 1270 669 1334 quorum
692 1261 824 1335 uterque
846 1253 993 1318 fusiorem
1016 1253 1182 1319 earundem
1205 1271 1310 1317 rerum

148 1360 327 1424 memoriam
349 1359 455 1441 habet,
479 1365 702 1442 quaerantque,
726 1365 805 1442 quot
825 1362 952 1426 nomina
973 1361 1055 1442 apud
1077 1360 1146 1424 illos
1169 1359 1310 1436 redeam

147 1465 220 1546 quid
242 1466 326 1546 quod
347 1485 385 1530 ne
406 1485 501 1531 unum
522 1467 646 1547 quidem
679 1486 804 1548 eorum,
833 1486 913 1549 quae
943 1467 1033 1532 modo
1056 1466 1249 1546 enumeravi,
1277 1467 1309 1530 in

147 1591 256 1637 eorum
279 1572 366 1637 libris
388 1573 568 1638 inuenitur?
669 1587 672 1635 ξ
1139 1657 1142 1664 .

229 1678 316 1742 Idem
355 1677 435 1762 fere,
472 1681 556 1760 quod
587 1680 619 1744 in
648 1682 772 1744 nomina
802 1681 895 1746 otiam
925 1679 957 1743 in
994 1696 1139 1742 numeros
1167 1677 1310 1759 peditum

146 1785 298 1866 equitum,
314 1785 556 1870 elephantorum,
573 1785 706 1854 militum
718 1806 879 1868 caesorum
891 1792 1062 1868 captorum,
1075 1785 1309 1864 transfugarum

145 1892 242 1958 cadit.
286 1876 427 1958 Ooourrit
456 1895 538 1958 enim
565 1885 756 1960 exercituum
780 1893 965 1976 Libycorum
988 1889 1310 1981 etwmaximoNumi·

146 1998 285 2064 diuorum
309 1999 422 2064 notitia
444 2001 523 2065 satis
551 2001 773 2081 memorabilis,
795 2013 888 2082 quam
910 2001 958 2065 his
978 2000 1137 2065 illustrare
1161 1996 1310 2078 exemplis

145 2105 252 2175 liceat:
274 2124 298 2170 c.
323 2109 351 2172 9.
374 2106 618 2189 Ἀσδρούβας-
633 2109 783 2190 κατέλεγε
799 2109 1027 2192 Καρχηδονίων·
1047 2130 1083 2168 τε
1103 2105 1158 2168 καί
1174 2102 1310 2186 Λιβύων

147 2213 178 2285 ἐς
201 2210 428 2293 ἑξακιςχιλίους
449 2213 564 2292 πεζούς
586 2215 745 2296 ἑκατέρων
765 2217 819 2278 καὶ
838 2214 968 2290 »ίππέας
988 2214 1235 2290 ἑξακοσίους-
1255 2211 1309 2273 καὶ

89 2351 92 2356 ·
146 2320 238 2402 παρά
271 2322 338 2382 τῶν
364 2320 533 2402 Νομάδων
568 2323 665 2404 ἔλαβε
701 2321 884 2402 δισχιλίους.
919 2341 970 2367 -’
995 2339 1027 2386 c:
1052 2326 1098 2385 ll.
1127 2318 1309 2383 Massinissa

148 2426 269 2505 equites
282 2426 461 2492 Numidicos
481 2429 670 2511 δισμυρίους
691 2429 826 2510 oollegit.
848 2465 888 2475 —
911 2447 935 2492 o.
960 2433 1006 2491 14.
1038 2425 1106 2490 Afri
1127 2425 1218 2491 occisi
1235 2430 1309 2494 sunt

150 2548 257 2594 omnes
278 2531 364 2615 πλήν
389 2539 605 2626 τετρακοσίων
626 2527 659 2598 οἱ
685 2533 881 2620 ἐλήφθησαν
902 2533 1111 2616 αἰχμάλωτοι.
1134 2567 1175 2578 -
1203 2550 1228 2597 c.
1249 2535 1306 2594 v23.

149 2636 452 2703 Ἀπέθανον-τῶν
473 2640 502 2702 δ’
524 2643 654 2723 ἐχθρῶν
675 2640 846 2723 (Afrorum)
868 2641 962 2722 ὀλίγῳ
986 2641 1115 2713 δέοντες
1137 2636 1308 2721 δισμύριοι,

139 2727 202 2806 καὶ
218 2744 416 2826 αἰχμάλωτοι
435 2749 581 2829 ἐγίνοντο
592 2748 742 2829 δισχίλιοι
758 2749 811 2812 καὶ
829 2746 1039 2832 τετρακόσιοι·
1060 2749 1125 2810 τῶν
1141 2745 1308 2808 δ’ίππεων

147 2849 308 2926 ἑξακόσιοι
335 2853 504 2918 ἐπανιόντι
530 2858 576 2938 τῷ
594 2843 749 2920 Σκιπίωνι
768 2854 905 2929 ἵὲαυτούς
927 2854 1128 2936 παρέδοσαν.
1156 2889 1188 2897 -
1212 2870 1237 2916 c.
1258 2855 1306 2915 24.

146 2955 357 3042 (Hasdrubal)
397 2959 572 3043 ἐγύμναζεν
609 2961 663 3036 οὓς
696 2955 783 3043 εἶχεν
819 2963 907 3045 α’μφὶ
946 2961 1138 3043 τρισχιλίους
1176 2957 1308 3039 ἱππίας,

145 3065 260 3142 πεζούς
282 3066 320 3129 δὲ
350 3067 605 3149 δκτακιςχιλίονς.
633 3105 674 3116 —-
704 3088 729 3134 e.
753 3075 801 3146 26.
829 3070 1011 3134 Ἀπέθανον
1032 3067 1062 3131 δ’
1084 3069 1120 3131 ἐν
1148 3069 1189 3149 τῇ
1218 3064 1308 3148 μάχη

145 3168 295 3253 Σόφακος
322 3173 354 3246 ἐς
383 3179 514 3256 μυρίους
540 3171 662 3259 ἄνδρας
693 3164 734 3222 -ss
770 3175 1029 3243 Μασσανάσσου
1058 3175 1096 3236 δὲ
1131 3171 1309 3256 τριακόσιοι
1367 3235 1370 3242 ,

144 3278 198 3339 καὶ
245 3278 445 3360 αἰχμάλωτοι
465 3281 631 3366 ’Σόφακος
670 3285 815 3366 ἐγένοντο
857 3281 1110 3365 τετρακισχίλκοι.
1175 3277 1309 3344 Τούτων

146 3373 449 3468 ἧσανΜασσύλιοι
464 3389 614 3471 δισχίλωι
632 3391 687 3454 καὶ
705 3390 917 3455 πεντακόσιοι
936 3392 1002 3452 τῶν
1022 3388 1054 3461 ἐς
1072 3386 1212 3470 Σόφακα
1237 3385 1308 3448 α’πό

149 3491 408 3557 Μασσανάσσου
427 3493 734 3577 μεταστάντων.
755 3513 780 3563 c.
801 3503 850 3563 48.
869 3521 923 3560 και
930 3494 1055 3577 Ἴβηρες
1079 3491 1309 3580 αι’τομόλησαν

149 3597 231 3678 πρός
263 3603 430 3664 Σκιπίωνα
455 3603 636 3685 τριακόσιοι
669 3606 723 3668 καὶ
753 3603 907 3686 Νομάδες
937 3603 1020 3685 πρός
1048 3597 1309 3680 Μασσανάσσην

148 3702 340 3770 ὀκτακόσιοι.
362 3744 402 3754 -

229 3810 316 3876 Haeo
336 3779 478 3896 exempla
505 3817 546 3880 ad
568 3816 655 3882 illust
641 3817 787 3900 trandum
805 3817 938 3898 Appiani
966 3816 1108 3881 notitiam
1133 3813 1307 3888 sufficiant;

147 3935 334 3999 quamquam
360 3922 452 4003 longe
472 3923 563 4005 plura
583 3922 694 3988 afferre
716 3923 805 4006 licet3
833 3942 915 4010 quae
944 3924 1056 3990 notitia
1084 3940 1141 4004 per
1167 3939 1201 3998 ae
1229 3919 1307 3984 satia

146 4024 291 4093 miraest.
324 4029 385 4107 Qui
400 4037 508 4097 autem
523 4031 569 4113 fit,
594 4036 630 4096 ut
643 4033 763 4097 numeri
783 4031 915 4098 militum
926 4031 1111 4112 Libyoornm
1133 4047 1193 4094 non
1214 4026 1305 4092 modo
