2848 4636
686 274 725 333 22

126 473 354 553 triumphorum
393 492 412 537 a
445 473 800 542 Lacedaemoniensibus
843 477 1067 545 celebratorum
1106 483 1286 561 generibus

125 597 195 644 cum
216 597 278 659 quo
299 578 364 644 loco
387 580 593 647 conferendus
616 587 665 645 ast
686 582 814 663 Dionys,
839 589 867 665 5,
889 590 939 650 47.

207 685 348 766 Denique
370 687 409 751 de
430 688 565 767 partium
586 689 700 752 studiis
718 688 820 755 Iubae
837 707 938 770 pauca
960 712 1143 762 moneamus
1161 715 1286 763 necesse

125 797 189 873 est3
224 811 303 872 quae
341 793 409 875 ejus
447 795 554 859 studia
586 794 701 859 fuerint
737 797 769 860 in
804 797 896 862 rebus
928 801 1090 866 numidicis
1123 805 1286 870 tradendis

125 917 221 980 supra
243 902 320 966 satis
335 901 633 982 demonstravimus3
654 920 735 982 quae
757 910 861 968 autem
883 904 1009 970 fuerunt
1024 909 1056 972 in
1069 910 1160 974 rebus
1174 911 1286 975 Itoma-
1311 979 1322 1002 e

126 1024 235 1071 norum
259 1015 292 1071 et
313 1008 446 1071 maxime
462 1008 614 1087 Scipionis
628 1008 820 1073 scribendis?
861 1010 932 1074 Etsi
953 1014 1078 1092 quidem
1101 1023 1286 1096 argumenta

125 1113 250 1178 aliunde
271 1114 372 1194 petita
401 1131 463 1177 non
492 1114 523 1176 in
550 1119 696 1195 promptu
724 1120 814 1195 sunt,
851 1122 956 1180 taman
985 1137 1022 1182 ax
1048 1122 1116 1202 ipsa
1146 1126 1285 1188 auctoris

125 1221 246 1300 origine
267 1227 300 1285 at
329 1221 508 1285 conditione
534 1221 610 1286 satis
633 1225 708 1300 apta
730 1221 795 1285 arui
820 1239 913 1301 posse
933 1225 1084 1289 existimo.
1129 1228 1207 1292 Nom
1229 1249 1285 1295 nec

126 1345 215 1391 amor
236 1327 374 1408 patriae,
398 1328 449 1407 qui
473 1328 591 1392 Livium
616 1327 754 1408 tenebat,
777 1328 945 1394 Numidam
968 1348 987 1393 a
1013 1349 1084 1396 vero
1110 1335 1285 1412 avertebat,

127 1451 183 1497 nec
213 1435 386 1514 conjunctio
416 1440 599 1514 cumgente
630 1433 822 1516 Scipionum,
853 1454 916 1516 qua
942 1436 1087 1518 Polybius
1115 1447 1283 1520 occupatus

125 1545 208 1621 erat,
229 1541 340 1606 Iubam
365 1560 489 1607 caecum
513 1541 657 1606 reddidit.
699 1541 819 1620 Quibus
840 1544 879 1608 de
904 1545 1005 1609 causis
1026 1543 1116 1609 facile
1137 1547 1192 1611 tibi
1214 1565 1284 1627 per-

127 1647 288 1727 suadebis
310 1648 423 1714 Iubam
445 1667 498 1713 eas
520 1667 570 1713 res
591 1649 763 1730 Romanoa,
792 1668 872 1731 quac
893 1651 978 1716 intra
1000 1669 1099 1716 annos
1121 1655 1280 1718 204—201

125 1755 156 1819 in
178 1753 283 1819 Africa
305 1761 413 1837 gestae
434 1762 523 1836 sunt,
552 1757 619 1820 sine
641 1756 687 1820 ira
710 1763 742 1819 et
769 1757 871 1821 studio
901 1757 1073 1839 rettulisse;
1105 1759 1142 1822 de
1170 1778 1232 1840 qua
1251 1777 1285 1822 re

125 1860 206 1926 infra
228 1862 318 1944 plura
342 1863 544 1944 proferemus.
567 1898 606 1908 -

208 1969 380 2051 Postquam
403 1970 462 2035 bac
484 1971 605 2034 ratione
625 1971 741 2049 omnia,
767 1988 846 2050 quae
869 1971 907 2034 de
929 1976 1043 2035 natura
1063 1973 1166 2051 operis
1185 1970 1287 2038 lubae

126 2083 284 2158 constant,
308 2078 443 2140 eruimus
459 2083 491 2140 et
506 2077 736 2157 explicavimus
753 2077 818 2158 jam
834 2095 870 2141 ao
884 2081 969 2141 venit
983 2077 1153 2159 disputatio
1168 2086 1287 2159 nostra,

124 2189 161 2246 nt
189 2201 282 2263 quam
318 2200 455 2264 congrua
489 2183 561 2248 huic
597 2189 728 2248 naturae
762 2189 796 2248 et
825 2183 921 2249 indoli
950 2185 1111 2266 Appianas
1145 2187 1285 2250 narratio

127 2288 215 2369 VIII,
248 2294 347 2354 1-66
376 2291 430 2371 sit,
463 2291 711 2356 demonstremus
740 2296 773 2355 et
802 2308 1020 2372 proponamus
1073 2292 1168 2373 Quid,
1204 2291 1285 2374 quod

126 2396 207 2478 apud
245 2397 421 2480 Appianum
463 2397 542 2462 bivii
588 2397 721 2477 vestigia
766 2403 874 2478 aperte
916 2398 1122 2463 exhibentur?
1189 2398 1284 2478 Capp.

127 2509 207 2567 7-8
229 2504 443 2585 compendium
469 2523 507 2566 ex
527 2502 641 2568 didusa
668 2503 825 2584 longaque
853 2506 1032 2569 narratione
1062 2505 1101 2569 de
1130 2509 1286 2585 apparatu

126 2610 199 2675 belli
229 2629 249 2674 a
280 2611 424 2692 suptone
456 2611 539 2675 lucto
571 2628 653 2687 esse,
691 2609 781 2674 facile
821 2610 1027 2692 intellegitur.
1092 2611 1124 2676 Si
1162 2611 1284 2676 Livium

125 2715 238 2796 XXIX,
262 2723 276 2780 1
300 2718 476 2798 inspicimus
498 2722 563 2782 tam
585 2717 681 2782 mirus
702 2734 870 2782 consensus
888 2719 1031 2798 occurrit,
1052 2725 1087 2782 ut
1109 2719 1286 2782 arctissima

127 2825 324 2890 necessitudo
348 2826 501 2888 intereos
524 2841 543 2888 a
568 2823 690 2888 nemine
716 2841 777 2888 non
799 2829 1021 2904 cognoscatur3
1052 2843 1132 2904 quae
1154 2827 1286 2890 necessi-

126 2932 202 2996 tudo
224 2932 307 2996 nullo
329 2930 418 2995 modo
442 2931 675 3012 explicationem
698 2930 807 3010 habet,
836 2930 896 2996 nisi
924 2931 1108 3011 statuimus,
1132 2931 1246 2996 Iubam
1269 2951 1286 2998 e

125 3039 214 3104 Livio
241 3057 300 3102 sua
330 3037 481 3103 hausisse.
532 3038 580 3103 Ne
608 3037 775 3104 offendaris
803 3056 840 3102 ca
867 3056 917 3117 re,
947 3038 1030 3118 quod
1060 3038 1144 3119 apud
1166 3040 1284 3120 App'l

126 3146 272 3226 legimus,
302 3145 409 3210 decem
437 3146 581 3210 triremes
609 3146 747 3229 Scipioni
774 3146 866 3209 datas
896 3162 976 3224 esse,
1012 3164 1103 3226 quum
1133 3165 1170 3210 ex
1197 3147 1285 3212 Livio

125 3253 391 3332 xxv111,us,21
416 3257 548 3333 constet,
570 3269 641 3316 eum
663 3253 795 3332 triginta
815 3250 947 3334 (easque
968 3253 1079 3332 viginti
1100 3255 1285 3336 quinquere-

126 3379 190 3425 mes
211 3366 243 3424 et
265 3360 369 3424 decern
393 3357 623 3442 quadriremes)
652 3359 817 3439 accepisse.
860 3359 1019 3439 Appianas
1048 3377 1209 3425 numerum
1228 3379 1285 3441 pro

126 3487 181 3533 suo
203 3468 331 3532 arbitrio
354 3467 521 3546 imminuit,
550 3483 674 3530 causam
697 3471 803 3529 autem
831 3466 987 3530 minuendi
1008 3465 1092 3530 hisce
1116 3468 1217 3532 verbis
1239 3468 1285 3531 in-

125 3595 194 3641 essu
216 3585 292 3655 puto
315 3572 356 3658 (c,
380 3573 431 3657 7):
460 3571 560 3647 οὕτως
588 3573 715 3654 ἀμελῶς
740 3569 887 3656 ἥπτοντο
907 3573 1073 3656 (Romani)
1103 3573 1199 3635 τοῦδε
1227 3575 1287 3634 τοῦ

127 3683 281 3763 πολέμου.
323 3681 488 3746 Paucitata
507 3679 631 3746 navium
655 3685 760 3744 noster
779 3680 944 3746 ostendere
965 3680 1063 3744 uoluit
1078 3697 1171 3760 quam
1188 3679 1284 3759 negli-

125 3796 235 3872 genter
266 3789 398 3854 Romani
429 3787 489 3853 hoc
529 3787 645 3852 bellum
684 3789 826 3868 aggressi
867 3794 981 3854 essent.
1035 3785 1152 3850 Deinde
1188 3785 1285 3852 libros

126 3897 258 3962 Punicos
280 3913 300 3960 a
321 3895 403 3960 Juba
423 3913 481 3976 pro
510 3893 648 3959 fontibus
675 3894 830 3960 adhibltos
860 3894 982 3960 seimus.
1027 3892 1158 3957 Constat
1181 3899 1283 3958 autem

126 4005 181 4070 hos
196 4003 298 4068 fontes
312 4021 331 4066 a
345 4002 540 4082 paucissimis
555 4001 757 4083 scriptoribus
772 4000 900 4066 Graecis
915 3998 964 4062 vel
980 3999 1126 4064 Romanis
1144 4001 1174 4065 in
1194 4019 1282 4066 usum
