2848 4636
674 289 716 370 ‘ao

114 517 254 578 mentum
275 511 407 576 inveniri
428 515 551 591 potest,
571 527 633 591 quo
654 511 735 576 hanc
757 514 942 578 sententiam
965 517 1066 595 possis
1089 515 1274 598 defendere;

114 638 208 700 quum
242 623 345 682 autom
374 617 532 700 Appianas
560 619 592 682 in
621 620 797 684 universum
825 639 920 684 unum
954 623 1086 686 maxime
1117 630 1274 688 auctorem

114 727 200 806 sequi
212 725 320 805 soleat,
342 726 446 788 omnia
456 744 493 788 ex
505 743 544 788 eo
557 725 671 790 hausta
681 727 871 808 putabimus,
895 728 954 792 nisi
971 730 1066 793 certis
1080 731 1273 809 argumentis

113 833 304 899 contrarium
324 832 423 896 evinci
443 838 557 913 potest.

199 939 271 1003 Jam
295 938 468 1010 valeamus,
504 957 584 1020 quae
612 956 703 1003 esuo
725 939 956 1004 Alexandrinus
978 943 1150 1006 narrationi
1172 943 1275 1008 lubae

114 1047 287 1111 inseruerit.
331 1046 415 1108 Inter
437 1064 472 1107 ea
494 1046 629 1124 primum
654 1044 815 1108 referenda
837 1054 910 1109 sunt
932 1065 1019 1127 capp.
1043 1053 1137 1129 l-2‚
1162 1049 1274 1130 quibus

114 1173 166 1217 res
184 1152 489 1231 Carthaginiensium
512 1150 551 1214 ab
572 1151 650 1214 urbe
674 1151 799 1214 condita
822 1153 980 1232 usquead
1003 1153 1095 1218 finem
1122 1175 1184 1220 uno
1204 1175 1275 1220 con-

115 1267 223 1342 spectu
244 1259 331 1322 nobis
354 1263 427 1322 ante
449 1259 555 1322 oculos
576 1268 748 1338 ponuntur.

196 1366 285 1432 Talia
299 1365 457 1445 appianus
479 1365 680 1446 praefationis
700 1365 766 1430 loco
784 1366 915 1446 singulis
936 1365 1023 1430 libris
1039 1365 1154 1430 addere
1177 1365 1274 1446 solet;

114 1475 151 1540 ci.
173 1473 224 1538 lib.
248 1473 290 1537 Vl
311 1472 378 1536 init.

198 1581 313 1646 Deinde
341 1597 445 1642 omnes
474 1579 646 1652 orationes
683 1596 762 1659 quae
792 1581 823 1643 in
850 1581 922 1645 libri
943 1580 1024 1645 Vlll.
1054 1598 1140 1661 capp.
1165 1583 1272 1642 1-66.
1306 1563 1308 1566 ’

114 1690 259 1770 leguntur
287 1687 353 1751 sine
381 1685 473 1749 dubio
499 1702 536 1748 ex
558 1685 693 1765 Appiani
719 1687 842 1766 ingenio
871 1693 960 1752 ortae
987 1693 1076 1752 sunt:
1109 1705 1195 1767 capp.
1218 1689 1274 1764 423

116 1799 253 1874 50-533
282 1797 411 1856 57-64.
443 1823 481 1836 -
511 1791 615 1855 Fietas
643 1809 712 1856 esse
741 1795 898 1857 orationes
928 1793 1012 1858 hisee
1041 1794 1142 1858 verbis
1165 1801 1275 1872 aperte

115 1903 280 1967 indicatur:
303 1901 381 1979 (cap.
404 1900 470 1978 dil:
498 1897 630 1972 Τούτοις
651 1898 846 1982 (Poenis)—
860 1900 1013 1963 Lentulus
1035 1901 1151 1964 Romae
1174 1901 1219 1962 alt
1234 1933 1276 1946 -·

115 2015 163 2082 τίς
183 2012 252 2073 ἔστι
274 2007 359 2080 ἕλεος
378 2001 401 2090 ἢ
417 2005 661 2087 μετριοπάθεια
686 2006 764 2088 παρ’
793 2005 910 2086 ἑτέρων
938 2011 1004 2079 τοῖς
1025 2005 1121 2068 οὐδὲν
1146 2013 1276 2087 μέτριον

116 2116 184 2180 ov'd'
203 2114 321 2199 ἥμερον
343 2113 374 2186 ἐς
395 2111 532 2185 ου’δένας
554 2111 785 2193 εἰργασμένοις,
807 2117 893 2193 τοῖς,
913 2109 1025 2195 ὥσπερ
1048 2115 1110 2195 ἔφη
1122 2118 1275 2191 Σκιπίων,

116 2223 146 2287 εἰ
165 2221 321 2304 ἐλάβοντο
340 2216 431 2304 ἥμῶν
452 2217 521 2282 οὐδ’
541 2216 583 2281 ἄν
611 2213 716 2300 ὄνομα
734 2219 897 2300 Ῥωμαίων
924 2219 1150 2284 ὑπολιποῦσιν.
1198 2219 1275 2283 Eam

115 2337 217 2395 autem
240 2329 410 2392 orationem
433 2327 473 2390 ad
496 2344 589 2407 quam
612 2326 764 2391 Lentulus
785 2334 949 2406 provocat,
978 2343 1094 2408 paucos
1114 2331 1188 2390 ante
1210 2327 1275 2390 dies

115 2436 215 2516 Scipio
237 2435 269 2498 in
291 2434 393 2498 dirica
415 2433 574 2497 habuerat.
631 2433 790 2510 Quomodo
820 2433 971 2496 Lentulus
1001 2434 1152 2513 Scipionis
1181 2433 1276 2496 verba

116 2543 195 2607 scire
215 2540 340 2621 potuit?
384 2540 452 2618 Qua
475 2544 579 2602 autem
601 2539 791 2619 negligentia
814 2539 974 2620 Appianas
995 2540 1026 2602 in
1048 2539 1140 2604 rebus
1158 2539 1276 2618 fingen-

116 2651 165 2714 dis
186 2665 263 2712 usus
286 2647 336 2728 sit,
359 2653 465 2711 nostro
479 2646 547 2710 loco
563 2647 679 2724 optime
701 2647 877 2726 perspicere
898 2663 1080 2725 possumus3
1100 2646 1131 2708 in
1152 2665 1218 2726 cap.
1238 2651 1276 2709 57

116 2758 197 2821 enim
219 2755 309 2819 dicit:
332 2752 526 2824 ὑπαναοτοὶς
547 2751 587 2812 de'
605 2773 652 2824 τις
671 2755 736 2812 τῶν
751 2757 930 2825 Σκιπίωνος
953 2751 1065 2833 φίλων,
1087 2744 1183 2814 εἶπεν
1200 2752 1276 2833 aad,

116 2863 223 2943 itaque
245 2878 284 2924 ne
304 2876 424 2922 nomem
446 2857 569 2938 quidem
591 2857 682 2938 hujus
705 2859 840 2922 oratoris
863 2866 1008 2938 noverat3
1029 2895 1070 2903 -
1094 2860 1125 2921 in
1148 2877 1214 2939 cap.
1237 2863 1276 2921 62

116 2969 192 3033 haee
212 2967 307 3031 verba
330 2969 471 3028 exstant:
492 2962 657 3038 Πούπλιος
677 2965 715 3026 δὲ
729 2961 909 3048 Κορνήλιος,
927 2966 1102 3046 Κορνηλίου
1120 2965 1276 3043 Λέντλον,

116 3075 267 3157 συγγενής
294 3074 352 3136 cdv
380 3071 456 3134 τότε
482 3069 612 3134 ὑπάτου
642 3107 680 3117 -
711 3072 898 3152 οἷντέλεγενς
960 3071 1021 3136 Sed
1051 3071 1084 3135 P.
1115 3071 1276 3136 Cornelius

117 3183 269 3248 Lentulus
289 3199 324 3246 eo
347 3179 494 3260 temporis
516 3185 670 3242 momento
701 3184 796 3258 atque
822 3183 889 3242 toto
912 3197 948 3242 eo
974 3198 1071 3258 anno,
1113 3197 1172 3259 quo
1202 3179 1278 3242 haec

117 3292 232 3354 Romae
254 3292 343 3368 gesta
365 3294 440 3350 sunt
468 3287 513 3366 [a.
536 3290 592 3347 201
618 3303 645 3348 a.
668 3283 757 3367 Chr.)
788 3286 819 3348 iu
850 3283 1001 3366 Hispania
1022 3292 1106 3366 erat,
1144 3286 1226 3350 unde
1248 3305 1276 3349 a.

118 3398 237 3460 demum
268 3399 328 3456 200
355 3412 383 3458 a.
413 3391 485 3457 Chr.
516 3392 647 3455 Romam
683 3391 791 3471 rediit3
828 3391 864 3456 ci.
895 3391 1110 3458 Weissenborn
1142 3393 1183 3456 ad
1211 3393 1277 3456 Liv.

117 3501 214 3581 XXX,
235 3506 284 3579 41,
308 3505 340 3563 5:
370 3499 451 3577 Quid
480 3498 518 3562 de
547 3505 635 3561 tanto
656 3515 764 3562 errore
785 3498 945 3564 dicamus?
984 3499 1124 3565 Proiecto
1146 3499 1278 3564 maxima

118 3610 217 3674 oritur
238 3607 390 3687 suspicio,
411 3606 584 3687 Appianum
609 3603 733 3668 traditis
760 3605 851 3670 rebus
877 3606 1025 3687 neglectis
1054 3608 1138 3687 ipsas
1167 3626 1217 3670 res
1247 3609 1276 3671 in

118 3720 228 3779 senatu
250 3720 338 3778 actas
359 3711 500 3792 finxisse3
524 3729 603 3792 quae
626 3711 781 3775 sententia
807 3731 843 3775 eo
866 3713 902 3776 fit
923 3713 1105 3794 probabilis,
1138 3713 1219 3794 quod
1240 3732 1279 3776 ex

119 3823 206 3886 Livio
227 3819 325 3899 XXX,
348 3825 386 3883 43
409 3837 476 3900 sqq.
499 3819 654 3898 videnruS,
684 3818 754 3882 illas
783 3837 833 3883 res
854 3819 894 3883 ab
916 3838 952 3883 eo
973 3825 1094 3884 tantum
1116 3819 1208 3899 plane
1231 3827 1278 3884 at-

118 3947 178 4009 que
201 3927 332 3993 dilucide
353 3926 443 3990 reddi
464 3925 618 4006 potuisse,
648 3925 700 4005 qui
719 3926 772 4005 jus
794 3925 947 4006 publicum
978 3926 1043 4008 ejus
1065 3929 1177 3990 aetatis
1200 3927 1278 3991 bene

119 4040 226 4099 notum
249 4034 393 4113 haberet3
417 4049 496 4113 quae
518 4033 629 4096 notitia
652 4031 791 4111 Appiano
811 4032 862 4096 vix
885 4032 980 4097 tribui
996 4034 1104 4113 possit.
1149 4035 1218 4110 Qua
1240 4034 1278 4099 de
