2848 4636
716 259 732 316 7

577 341 867 355 *a*

139 467 282 528 nostrum
304 475 362 524 res
385 457 600 538 Numidiclne
627 463 664 522 et
691 457 856 522 Punicae
889 475 951 522 non
978 455 1069 521 modo
1094 454 1193 520 multo
1214 471 1302 520 accu-

137 569 250 648 ratius,
272 582 365 646 qnam
383 565 467 647 apud
486 563 567 644 illos,
588 563 643 629 sed
658 563 850 644 diligentius,
871 579 964 645 quam
979 562 1065 644 ipsae
1078 577 1129 626 res
1143 561 1304 626 Romanae

137 673 323 740 redduntur.
340 701 342 704 ·

222 777 311 858 Quod
322 777 387 858 jam
404 781 553 842 accurata
567 776 785 840 narrationum
797 776 1030 856 comparatione
1044 776 1185 841 evincere
1200 775 1301 841 liceat.

140 886 229 967 Apud
264 884 438 965 Appianum
474 882 606 947 eundem
643 882 709 946 fere
740 882 840 948 locum
876 881 1062 948 Massinissa
1094 882 1223 964 ejusque
1251 900 1303 947 res

136 999 247 1075 gestae
269 992 415 1055 obtinent
423 988 473 1073 *),
501 1008 592 1071 quern
610 987 694 1070 apud
714 989 879 1071 Polybium
899 993 932 1054 et
954 989 1076 1055 Livium
1096 989 1198 1070 Scipio
1218 990 1300 1072 ejus-

138 1117 200 1181 que
229 1097 355 1162 oonsilia
382 1101 415 1160 et
446 1095 540 1161 lacta.
592 1096 661 1162 Hoc
691 1096 717 1161 si
750 1096 808 1161 tibi
840 1097 886 1162 vis
918 1096 1109 1178 persuadere
1145 1097 1303 1178 respicias

140 1219 272 1286 quaeso,
293 1205 361 1268 Liu
383 1202 505 1283 XXIX,
525 1207 667 1283 25-28,
688 1202 742 1267 ubi
764 1203 918 1268 transitus
938 1204 1090 1284 Scipionis
1112 1203 1144 1267 in
1167 1203 1303 1268 Africam

138 1312 243 1375 multis
265 1310 368 1374 verbis
397 1309 599 1390 describitur3
631 1309 704 1391 quid
727 1310 889 1390 Appianas
917 1309 955 1373 de
980 1328 1018 1374 oa
1039 1329 1073 1372 re
1100 1309 1220 1374 babet?
1254 1317 1303 1374 tot

134 1419 200 1482 fere
220 1407 324 1482 verbis
345 1422 422 1499 quot
443 1416 529 1498 apud
544 1415 668 1480 Livium
687 1415 896 1497 paragraphis
919 1416 1028 1480 eadem
1048 1435 1100 1480 res
1116 1417 1301 1481 absolvitur.

135 1525 183 1590 Ne
210 1523 287 1588 mibi
317 1522 522 1604 respondeas,
559 1522 681 1587 Livium
710 1523 834 1587 omnino
872 1522 973 1587 fusius
1002 1523 1145 1604 Appiano
1173 1542 1223 1588 res
1251 1543 1303 1587 ex-

133 1631 269 1712 61166666
298 1643 369 1692 nam
398 1627 553 1709 quomodo
582 1627 636 1710 fit,
664 1634 701 1693 ut
728 1628 836 1694 Livius
865 1629 903 1693 de
931 1629 1137 1694 Massinissae
1162 1632 1302 1695 adventu

133 1737 220 1819 apud
243 1735 419 1816 Scipionem
442 1735 573 1816 ejusque
595 1735 732 1800 consiliis
750 1741 783 1800 et
801 1736 896 1801 rebus
910 1737 1034 1819 gestia,
1057 1737 1228 1817 dequibus
1250 1757 1302 1802 ac-

132 1831 274 1910 curatam
301 1843 514 1906 narrationem
545 1841 628 1923 apud
647 1843 728 1923 App.
759 1846 881 1907 1344
909 1843 1067 1924 habemus
1101 1844 1301 1924 paucissimis

133 1955 259 2016 tantum
282 1949 385 2013 verbis
407 1966 464 2012 nos
488 1948 636 2014 certiores
656 1948 778 2015 faciat?

215 2057 280 2121 Neo
300 2057 402 2119 minor
423 2055 611 2135 scriptorum
635 2054 812 2120 differentia
832 2056 864 2120 in
877 2055 972 2120 rebus
983 2056 1108 2120 Punicis
1120 2057 1301 2120 enarrandis

138 2168 203 2227 cst:
234 2162 272 2226 (16
293 2160 518 2242 Hasdmbalis,
539 2163 714 2227 Poenorum
736 2163 838 2243 ducis,
866 2161 992 2227 fortuna
1014 2169 1048 2226 et
1068 2163 1194 2227 casibus
1215 2164 1302 2227 lucu-

134 2269 311 2334 lentissima
329 2268 412 2349 apud
436 2275 579 2333 nostrum
601 2268 780 2333 testimonia
801 2275 946 2333 exstant:
968 2269 1000 2332 16
1021 2288 1089 2349 cap.
1108 2275 1143 2350 93
1169 2275 1222 2349 103
1247 2275 1300 2351 133

137 2382 196 2455 153
221 2381 257 2438 17
269 2401 277 2454 3
303 2381 356 2456 183
383 2380 438 2453 193
460 2379 515 2448 243
539 2380 596 2457 293
619 2380 676 2457 303
700 2379 755 2457 36;
778 2393 873 2457 quum
886 2375 995 2440 Livius
1011 2381 1163 2456 quattuor
1177 2383 1300 2441 tantum

139 2479 216 2545 locis
237 2480 421 2560 paucissima
443 2479 482 2544 de
505 2499 540 2544 eo
563 2481 719 2563 proferat:
748 2481 864 2562 XXIX,
887 2487 942 2563 233
972 2481 1012 2546 ib.
1036 2487 1176 2565 34÷353
1202 2483 1300 2563 XXX,

138 2591 173 2666 6;
202 2586 242 2651 11).
274 2591 300 2650 7.
334 2621 362 2632 —
395 2587 441 2653 De
469 2587 561 2652 rebus
591 2586 782 2670 Carthagine
818 2589 899 2654 actis
929 2607 1028 2669 nequo
1056 2589 1163 2654 Livius
1199 2607 1300 2670 neque

135 2693 282 2775 Polybius
303 2693 403 2760 multa
424 2701 583 2775 comperta
603 2678 735 2777 babent,¹
752 2712 847 2776 quum
864 2695 950 2776 apud
960 2696 1138 2776 Appianum
1153 2705 1301 2762 accurata

218 2938 247 3002 *J
283 2937 360 2992 Haec
387 2937 481 2992 tabula
509 2936 585 2991 locos
608 2935 730 3005 Appiani
758 2944 786 2992 et
809 2937 878 2992 Livii
908 2936 1095 2994 Massinissam
1123 2939 1301 3008 respicientes

133 3023 261 3092 praebet:

151 3123 223 3192 App.
242 3125 304 3178 Vlll
525 3127 619 3182 Livius
741 3127 814 3196 App.
833 3127 894 3182 Vlll
1104 3128 1199 3184 Livius

145 3243 206 3296 cap.
225 3229 328 3283 10—12
356 3247 400 3278 =
438 3229 540 3295 XXIX,
558 3234 583 3300 4,
599 3234 697 3290 7—10:
773 3246 833 3300 cap.
849 3233 883 3286 28
943 3249 987 3282 =
1044 3233 1122 3300 XXX,
1142 3233 1248 3286 111-11)

384 3365 388 3374 .
465 3346 496 3354 -
532 3316 679 3384 ‚aa-aa.
791 3345 823 3357 -
850 3321 884 3372 aa
942 3335 985 3365 ς.
1060 3319 1244 3388 -,1e-17

297 3399 328 3452 13
353 3419 396 3448 =
600 3401 678 3457 deest
793 3433 824 3442 --
1171 3403 1249 3460 deest

296 3486 329 3538 14
354 3507 396 3536 =
466 3518 493 3525 -
531 3529 538 3558 ,
647 3489 680 3542 35
1171 3490 1249 3546 deest

296 3574 327 3625 15
354 3591 397 3622 τ-
602 3572 680 3628 deest
1119 3619 1125 3644 ,
1212 3577 1246 3632 43

168 3688 198 3695 -
295 3660 327 3710 17
353 3677 397 3708 =
602 3658 681 3714 deest
790 3693 823 3702 -·
1170 3662 1247 3717 deest

293 3743 328 3798 20
354 3765 397 3794 =
550 3745 628 3816 XXX,
662 3746 678 3799 5
793 3779 822 3788 -
848 3751 883 3803 46
942 3769 985 3800 =
1169 3747 1247 3803 deest

168 3860 198 3869 -
293 3831 328 3884 22
354 3850 397 3880 ==
603 3830 680 3886 deest
794 3863 823 3874 —
847 3834 881 3890 47
943 3857 986 3887 =
1169 3833 1246 3890 deest

169 3945 199 3953 ·-
291 3917 325 3971 26
352 3935 393 3965 ¹:
465 3949 494 3958 ·-
533 3961 539 3986 ,
662 3917 678 3972 9
789 3947 824 3959 -
847 3921 883 3976 48
942 3943 984 3974 =
1169 3917 1246 3976 deest

292 4005 325 4057 27
351 4021 393 4053 =
469 4035 494 4044 -
534 4045 542 4073 ,
579 4006 680 4059 11-15
794 4035 824 4046 -
847 4007 882 4061 54
943 4025 985 4058 ε
1119 4050 1127 4073 ,
1211 4008 1245 4062 37
