<?xml version="1.0" encoding="UTF-8"?>
<!DOCTYPE html PUBLIC "-//W3C//DTD XHTML 1.0 Transitional//EN"
    "http://www.w3.org/TR/xhtml1/DTD/xhtml1-transitional.dtd">
<html xmlns="http://www.w3.org/1999/xhtml" xml:lang="en" lang="en">
 <head>
  <title>
</title>
<meta http-equiv="Content-Type" content="text/html;charset=utf-8" />
  <meta name='ocr-system' content='tesseract 3.04.00' />
  <meta name='ocr-capabilities' content='ocr_page ocr_carea ocr_par ocr_line ocrx_word'/>
</head>
<body>
  <div class='ocr_page' id='page_1' title='image "./dejubaappianica00kellgoog_0010.png"; bbox 0 0 2848 4636; ppageno 0'>
   <div class='ocr_carea' id='block_1_1' title="bbox 48 1612 1299 3545">
    <p class='ocr_par' dir='ltr' id='par_1_1' title="bbox 124 1612 1317 1944">
     <span class='ocr_line' id='line_1_1' title="bbox 207 1612 1286 1738; baseline 0 -25"><span class='ocrx_word' id='word_1_1' title='bbox 207 1612 342 1731; x_wconf 57' lang='lat' dir='ltr'><strong>Appiani</strong></span> <span class='ocrx_word' id='word_1_2' title='bbox 357 1647 423 1713; x_wconf 89' lang='lat' dir='ltr'><strong>Lib.</strong></span> <span class='ocrx_word' id='word_1_3' title='bbox 439 1648 568 1713; x_wconf 80' lang='lat' dir='ltr'>1-66J</span> <span class='ocrx_word' id='word_1_4' title='bbox 577 1648 685 1713; x_wconf 83' lang='lat' dir='ltr'><strong>ubam</strong></span> <span class='ocrx_word' id='word_1_5' title='bbox 698 1649 795 1714; x_wconf 89' lang='lat' dir='ltr'><strong>inisse</strong></span> <span class='ocrx_word' id='word_1_6' title='bbox 812 1654 970 1714; x_wconf 82' lang='lat' dir='ltr'><strong>auctorem</strong></span> <span class='ocrx_word' id='word_1_7' title='bbox 985 1645 1043 1738; x_wconf 83' lang='lat' dir='ltr'><strong>hac</strong></span> <span class='ocrx_word' id='word_1_8' title='bbox 1058 1644 1317 1713; x_wconf 88' lang='lat' dir='ltr'><strong>dissertatione</strong></span> 
     </span>
     <span class='ocr_line' id='line_1_2' title="bbox 124 1755 1284 1837; baseline 0.003 -23"><span class='ocrx_word' id='word_1_9' title='bbox 124 1758 270 1822; x_wconf 77' lang='lat' dir='ltr'><strong>evincere</strong></span> <span class='ocrx_word' id='word_1_10' title='bbox 287 1756 426 1821; x_wconf 81' lang='lat' dir='ltr'><strong>conaturi</strong></span> <span class='ocrx_word' id='word_1_11' title='bbox 447 1772 564 1820; x_wconf 90' lang='lat' dir='ltr'><strong>snmus.</strong></span> <span class='ocrx_word' id='word_1_12' title='bbox 597 1756 779 1820; x_wconf 86' lang='lat' dir='ltr'><strong>Sententiae</strong></span> <span class='ocrx_word' id='word_1_13' title='bbox 799 1757 979 1837; x_wconf 84' lang='lat' dir='ltr'><strong>propositae</strong></span> <span class='ocrx_word' id='word_1_14' title='bbox 1001 1772 1062 1820; x_wconf 91' lang='lat' dir='ltr'><strong>non</strong></span> <span class='ocrx_word' id='word_1_15' title='bbox 1086 1772 1143 1835; x_wconf 86' lang='lat' dir='ltr'><strong>ego</strong></span> <span class='ocrx_word' id='word_1_16' title='bbox 1167 1755 1284 1836; x_wconf 91' lang='lat' dir='ltr'><strong>primns</strong></span> 
     </span>
     <span class='ocr_line' id='line_1_3' title="bbox 124 1858 1286 1944; baseline -0.002 -16"><span class='ocrx_word' id='word_1_17' title='bbox 124 1870 236 1928; x_wconf 85' lang='lat' dir='ltr'><strong>auctor</strong></span> <span class='ocrx_word' id='word_1_18' title='bbox 256 1880 333 1942; x_wconf 91' lang='lat' dir='ltr'><strong>sum,</strong></span> <span class='ocrx_word' id='word_1_19' title='bbox 356 1879 428 1926; x_wconf 88' lang='lat' dir='ltr'><strong>nam</strong></span> <span class='ocrx_word' id='word_1_20' title='bbox 449 1858 627 1943; x_wconf 88' lang='lat' dir='ltr'><strong>conjectura</strong></span> <span class='ocrx_word' id='word_1_21' title='bbox 649 1862 772 1944; x_wconf 88' lang='lat' dir='ltr'><strong>quidem</strong></span> <span class='ocrx_word' id='word_1_22' title='bbox 791 1861 855 1944; x_wconf 86' lang='lat' dir='ltr'><strong>jam</strong></span> <span class='ocrx_word' id='word_1_23' title='bbox 877 1862 910 1927; x_wconf 84' lang='lat' dir='ltr'><strong>O.</strong></span> <span class='ocrx_word' id='word_1_24' title='bbox 925 1863 1059 1942; x_wconf 84' lang='lat' dir='ltr'><strong>Potor,</strong></span> <span class='ocrx_word' id='word_1_25' title='bbox 1081 1859 1140 1926; x_wconf 91' lang='lat' dir='ltr'><strong>Die</strong></span> <span class='ocrx_word' id='word_1_26' title='bbox 1156 1861 1286 1940; x_wconf 85' lang='lat' dir='ltr'><strong>Qucllcn</strong></span> 
     </span>
    </p>

    <p class='ocr_par' dir='ltr' id='par_1_2' title="bbox 84 1954 1287 2477">
     <span class='ocr_line' id='line_1_4' title="bbox 84 1954 1286 2050; baseline -0.002 -16"><span class='ocrx_word' id='word_1_27' title='bbox 84 1954 85 1959; x_wconf 6' lang='grc' dir='ltr'>ἵ</span> <span class='ocrx_word' id='word_1_28' title='bbox 122 1971 176 2036; x_wconf 87' lang='lat' dir='ltr'><strong>des</strong></span> <span class='ocrx_word' id='word_1_29' title='bbox 197 1969 303 2034; x_wconf 87' lang='lat' dir='ltr'><strong>Livius</strong></span> <span class='ocrx_word' id='word_1_30' title='bbox 325 1970 367 2032; x_wconf 92' lang='lat' dir='ltr'><strong>im</strong></span> <span class='ocrx_word' id='word_1_31' title='bbox 390 1973 437 2032; x_wconf 85' lang='lat'><strong>21.</strong></span> <span class='ocrx_word' id='word_1_32' title='bbox 459 1969 523 2033; x_wconf 89' lang='lat' dir='ltr'><strong>und</strong></span> <span class='ocrx_word' id='word_1_33' title='bbox 547 1973 595 2032; x_wconf 80' lang='lat'><strong>22.</strong></span> <span class='ocrx_word' id='word_1_34' title='bbox 616 1969 702 2033; x_wconf 89' lang='lat' dir='ltr'><strong>Buch</strong></span> <span class='ocrx_word' id='word_1_35' title='bbox 733 1969 842 2050; x_wconf 88' lang='lat' dir='ltr'><strong>Progr.</strong></span> <span class='ocrx_word' id='word_1_36' title='bbox 870 1969 954 2034; x_wconf 83' lang='lat' dir='ltr'><strong>Port</strong></span> <span class='ocrx_word' id='word_1_37' title='bbox 980 1973 1058 2049; x_wconf 81' lang='grc'>1883</span> <span class='ocrx_word' id='word_1_38' title='bbox 1081 1984 1111 2048; x_wconf 89' lang='lat' dir='ltr'><strong>p.</strong></span> <span class='ocrx_word' id='word_1_39' title='bbox 1134 1971 1188 2048; x_wconf 77' lang='lat'><strong>77,</strong></span> <span class='ocrx_word' id='word_1_40' title='bbox 1217 1985 1286 2032; x_wconf 88' lang='lat' dir='ltr'><strong>eam</strong></span> 
     </span>
     <span class='ocr_line' id='line_1_5' title="bbox 119 2073 1286 2156; baseline -0.003 -14"><span class='ocrx_word' id='word_1_41' title='bbox 119 2084 279 2142; x_wconf 88' lang='lat' dir='ltr'><strong>assecutus</strong></span> <span class='ocrx_word' id='word_1_42' title='bbox 302 2081 382 2156; x_wconf 83' lang='lat' dir='ltr'><strong>est3</strong></span> <span class='ocrx_word' id='word_1_43' title='bbox 431 2076 524 2140; x_wconf 87' lang='lat' dir='ltr'><strong>certis</strong></span> <span class='ocrx_word' id='word_1_44' title='bbox 558 2079 662 2140; x_wconf 90' lang='lat' dir='ltr'><strong>antem</strong></span> <span class='ocrx_word' id='word_1_45' title='bbox 698 2076 886 2156; x_wconf 86' lang='lat' dir='ltr'><strong>quibusdam</strong></span> <span class='ocrx_word' id='word_1_46' title='bbox 928 2075 1133 2156; x_wconf 81' lang='lat' dir='ltr'><strong>argumentis.</strong></span> <span class='ocrx_word' id='word_1_47' title='bbox 1156 2073 1286 2139; x_wconf 90' lang='lat' dir='ltr'><strong>eandem</strong></span> 
     </span>
     <span class='ocr_line' id='line_1_6' title="bbox 119 2179 1287 2266; baseline -0.001 -19"><span class='ocrx_word' id='word_1_48' title='bbox 119 2184 265 2266; x_wconf 83' lang='lat' dir='ltr'><strong>probarit</strong></span> <span class='ocrx_word' id='word_1_49' title='bbox 286 2181 447 2263; x_wconf 87' lang='lat' dir='ltr'><strong>Nissen,</strong></span> <span class='ocrx_word' id='word_1_50' title='bbox 474 2182 506 2245; x_wconf 94' lang='lat' dir='ltr'><strong>in</strong></span> <span class='ocrx_word' id='word_1_51' title='bbox 536 2182 812 2262; x_wconf 85' lang='lat' dir='ltr'><strong>commentatione,</strong></span> <span class='ocrx_word' id='word_1_52' title='bbox 841 2201 933 2263; x_wconf 88' lang='lat' dir='ltr'><strong>qnam</strong></span> <span class='ocrx_word' id='word_1_53' title='bbox 954 2199 1051 2264; x_wconf 91' lang='lat' dir='ltr'><strong>nuper</strong></span> <span class='ocrx_word' id='word_1_54' title='bbox 1073 2179 1188 2262; x_wconf 87' lang='lat' dir='ltr'><strong>publici</strong></span> <span class='ocrx_word' id='word_1_55' title='bbox 1208 2181 1287 2262; x_wconf 87' lang='lat' dir='ltr'><strong>juris</strong></span> 
     </span>
     <span class='ocr_line' id='line_1_7' title="bbox 119 2279 1286 2370; baseline -0.003 -15"><span class='ocrx_word' id='word_1_56' title='bbox 119 2289 192 2355; x_wconf 88' lang='lat' dir='ltr'><strong>feeit</strong></span> <span class='ocrx_word' id='word_1_57' title='bbox 215 2291 261 2355; x_wconf 88' lang='lat' dir='ltr'><strong>De</strong></span> <span class='ocrx_word' id='word_1_58' title='bbox 280 2309 357 2370; x_wconf 89' lang='lat' dir='ltr'><strong>pace</strong></span> <span class='ocrx_word' id='word_1_59' title='bbox 380 2307 409 2354; x_wconf 88' lang='lat' dir='ltr'><strong>a.</strong></span> <span class='ocrx_word' id='word_1_60' title='bbox 432 2292 488 2353; x_wconf 82' lang='lat'><strong>201</strong></span> <span class='ocrx_word' id='word_1_61' title='bbox 516 2307 545 2353; x_wconf 89' lang='lat' dir='ltr'><strong>a.</strong></span> <span class='ocrx_word' id='word_1_62' title='bbox 563 2288 638 2356; x_wconf 82' lang='lat' dir='ltr'><strong>Chr.</strong></span> <span class='ocrx_word' id='word_1_63' title='bbox 666 2279 975 2370; x_wconf 76' lang='lat' dir='ltr'><strong>Carthaginiensibus</strong></span> <span class='ocrx_word' id='word_1_64' title='bbox 1001 2288 1091 2368; x_wconf 87' lang='lat' dir='ltr'><strong>data,</strong></span> <span class='ocrx_word' id='word_1_65' title='bbox 1122 2286 1286 2368; x_wconf 86' lang='lat' dir='ltr'><strong>Marburgi</strong></span> 
     </span>
     <span class='ocr_line' id='line_1_8' title="bbox 121 2401 343 2477; baseline 0 -15"><span class='ocrx_word' id='word_1_66' title='bbox 121 2403 218 2477; x_wconf 80' lang='grc'>1870,</span> <span class='ocrx_word' id='word_1_67' title='bbox 240 2416 270 2477; x_wconf 89' lang='lat' dir='ltr'><strong>p.</strong></span> <span class='ocrx_word' id='word_1_68' title='bbox 296 2401 343 2462; x_wconf 88' lang='grc'>18.</span> 
     </span>
    </p>

    <p class='ocr_par' dir='ltr' id='par_1_3' title="bbox 118 2499 1285 2903">
     <span class='ocr_line' id='line_1_9' title="bbox 205 2499 1285 2582; baseline 0 -16"><span class='ocrx_word' id='word_1_69' title='bbox 205 2502 304 2578; x_wconf 81' lang='lat' dir='ltr'><strong>Quum</strong></span> <span class='ocrx_word' id='word_1_70' title='bbox 316 2507 418 2566; x_wconf 91' lang='lat' dir='ltr'><strong>autem</strong></span> <span class='ocrx_word' id='word_1_71' title='bbox 433 2502 463 2566; x_wconf 85' lang='lat' dir='ltr'><strong>iri</strong></span> <span class='ocrx_word' id='word_1_72' title='bbox 485 2502 543 2566; x_wconf 89' lang='lat' dir='ltr'><strong>viri</strong></span> <span class='ocrx_word' id='word_1_73' title='bbox 564 2501 795 2582; x_wconf 90' lang='lat' dir='ltr'><strong>praetereundo</strong></span> <span class='ocrx_word' id='word_1_74' title='bbox 812 2500 901 2582; x_wconf 89' lang='lat' dir='ltr'><strong>quasi</strong></span> <span class='ocrx_word' id='word_1_75' title='bbox 916 2499 1128 2582; x_wconf 89' lang='lat' dir='ltr'><strong>quaestionem</strong></span> <span class='ocrx_word' id='word_1_76' title='bbox 1145 2507 1285 2566; x_wconf 88' lang='lat' dir='ltr'><strong>nostram</strong></span> 
     </span>
     <span class='ocr_line' id='line_1_10' title="bbox 120 2607 1285 2689; baseline 0.003 -18"><span class='ocrx_word' id='word_1_77' title='bbox 120 2608 304 2689; x_wconf 83' lang='lat' dir='ltr'><strong>attigerint,</strong></span> <span class='ocrx_word' id='word_1_78' title='bbox 328 2609 594 2689; x_wconf 89' lang='lat' dir='ltr'><strong>operaepretium</strong></span> <span class='ocrx_word' id='word_1_79' title='bbox 617 2607 738 2688; x_wconf 87' lang='lat' dir='ltr'><strong>censui,</strong></span> <span class='ocrx_word' id='word_1_80' title='bbox 772 2607 995 2672; x_wconf 89' lang='lat' dir='ltr'><strong>accuratiorem</strong></span> <span class='ocrx_word' id='word_1_81' title='bbox 1019 2607 1058 2674; x_wconf 90' lang='lat' dir='ltr'><strong>de</strong></span> <span class='ocrx_word' id='word_1_82' title='bbox 1080 2625 1117 2672; x_wconf 90' lang='lat' dir='ltr'><strong>ea</strong></span> <span class='ocrx_word' id='word_1_83' title='bbox 1140 2608 1285 2689; x_wconf 87' lang='lat' dir='ltr'><strong>disputa·</strong></span> 
     </span>
     <span class='ocr_line' id='line_1_11' title="bbox 119 2713 1283 2797; baseline 0.001 -18"><span class='ocrx_word' id='word_1_84' title='bbox 119 2716 234 2779; x_wconf 89' lang='lat' dir='ltr'><strong>tionem</strong></span> <span class='ocrx_word' id='word_1_85' title='bbox 265 2714 428 2779; x_wconf 88' lang='lat' dir='ltr'><strong>instituere</strong></span> <span class='ocrx_word' id='word_1_86' title='bbox 458 2721 554 2797; x_wconf 89' lang='lat' dir='ltr'><strong>atque</strong></span> <span class='ocrx_word' id='word_1_87' title='bbox 585 2732 639 2794; x_wconf 89' lang='lat' dir='ltr'><strong>ea,</strong></span> <span class='ocrx_word' id='word_1_88' title='bbox 686 2731 767 2796; x_wconf 92' lang='lat' dir='ltr'><strong>qnae</strong></span> <span class='ocrx_word' id='word_1_89' title='bbox 797 2713 839 2779; x_wconf 88' lang='lat' dir='ltr'><strong>ad</strong></span> <span class='ocrx_word' id='word_1_90' title='bbox 870 2714 1066 2795; x_wconf 89' lang='lat' dir='ltr'><strong>probandam</strong></span> <span class='ocrx_word' id='word_1_91' title='bbox 1095 2714 1283 2780; x_wconf 86' lang='lat' dir='ltr'><strong>sententiam</strong></span> 
     </span>
     <span class='ocr_line' id='line_1_12' title="bbox 118 2822 818 2903; baseline 0 -17"><span class='ocrx_word' id='word_1_92' title='bbox 118 2830 194 2903; x_wconf 89' lang='lat' dir='ltr'><strong>apta</strong></span> <span class='ocrx_word' id='word_1_93' title='bbox 217 2823 398 2901; x_wconf 88' lang='lat' dir='ltr'><strong>videantur,</strong></span> <span class='ocrx_word' id='word_1_94' title='bbox 421 2822 561 2903; x_wconf 87' lang='lat' dir='ltr'><strong>proferre</strong></span> <span class='ocrx_word' id='word_1_95' title='bbox 583 2828 615 2885; x_wconf 86' lang='lat' dir='ltr'><strong>et</strong></span> <span class='ocrx_word' id='word_1_96' title='bbox 636 2838 818 2902; x_wconf 84' lang='lat' dir='ltr'><strong>proponere.</strong></span> 
     </span>
    </p>

    <p class='ocr_par' dir='ltr' id='par_1_4' title="bbox 201 2923 1299 3015">
     <span class='ocr_line' id='line_1_13' title="bbox 201 2923 1299 3015; baseline -0.001 -23"><span class='ocrx_word' id='word_1_97' title='bbox 201 2929 269 3006; x_wconf 77' lang='lat' dir='ltr'><strong>Qua</strong></span> <span class='ocrx_word' id='word_1_98' title='bbox 298 2947 332 2994; x_wconf 90' lang='lat' dir='ltr'><strong>re</strong></span> <span class='ocrx_word' id='word_1_99' title='bbox 359 2927 505 2993; x_wconf 86' lang='lat' dir='ltr'><strong>absoluta</strong></span> <span class='ocrx_word' id='word_1_100' title='bbox 537 2933 571 2993; x_wconf 89' lang='lat' dir='ltr'><strong>et</strong></span> <span class='ocrx_word' id='word_1_101' title='bbox 598 2928 734 3009; x_wconf 83' lang='lat' dir='ltr'><strong>Appiani</strong></span> <span class='ocrx_word' id='word_1_102' title='bbox 769 2928 854 2992; x_wconf 89' lang='lat' dir='ltr'><strong>fonte</strong></span> <span class='ocrx_word' id='word_1_103' title='bbox 888 2927 966 2992; x_wconf 87' lang='lat' dir='ltr'><strong>satis</strong></span> <span class='ocrx_word' id='word_1_104' title='bbox 1004 2925 1163 3006; x_wconf 84' lang='lat' dir='ltr'><strong>explorato</strong></span> <span class='ocrx_word' id='word_1_105' title='bbox 1193 2923 1299 3015; x_wconf 23' lang='lat' dir='ltr'><strong>facile·</strong></span> 
     </span>
    </p>

    <p class='ocr_par' dir='ltr' id='par_1_5' title="bbox 48 3031 1286 3545">
     <span class='ocr_line' id='line_1_14' title="bbox 48 3031 1283 3116; baseline -0.002 -16"><span class='ocrx_word' id='word_1_106' title='bbox 48 3093 50 3100; x_wconf 83' lang='lat'>.</span> <span class='ocrx_word' id='word_1_107' title='bbox 121 3037 260 3114; x_wconf 85' lang='lat' dir='ltr'><strong>quaestio</strong></span> <span class='ocrx_word' id='word_1_108' title='bbox 271 3035 410 3116; x_wconf 85' lang='lat' dir='ltr'><strong>solvitur,</strong></span> <span class='ocrx_word' id='word_1_109' title='bbox 432 3035 501 3116; x_wconf 89' lang='lat' dir='ltr'><strong>quis</strong></span> <span class='ocrx_word' id='word_1_110' title='bbox 514 3035 645 3100; x_wconf 84' lang='lat' dir='ltr'><strong>Cassii</strong></span> <span class='ocrx_word' id='word_1_111' title='bbox 659 3035 792 3098; x_wconf 88' lang='lat' dir='ltr'><strong>Dionis</strong></span> <span class='ocrx_word' id='word_1_112' title='bbox 810 3033 860 3113; x_wconf 87' lang='lat' dir='ltr'><strong>(fr.</strong></span> <span class='ocrx_word' id='word_1_113' title='bbox 871 3037 920 3114; x_wconf 77' lang='lat'><strong>57,</strong></span> <span class='ocrx_word' id='word_1_114' title='bbox 932 3036 1052 3098; x_wconf 85' lang='grc'>68-86</span> <span class='ocrx_word' id='word_1_115' title='bbox 1067 3031 1283 3114; x_wconf 88' lang='lat' dir='ltr'><strong>ed.Dindorf.;</strong></span> 
     </span>
     <span class='ocr_line' id='line_1_15' title="bbox 119 3127 1282 3224; baseline 0 -20"><span class='ocrx_word' id='word_1_116' title='bbox 119 3142 230 3208; x_wconf 88' lang='lat' dir='ltr'><strong>Zonar.</strong></span> <span class='ocrx_word' id='word_1_117' title='bbox 251 3143 306 3224; x_wconf 87' lang='lat' dir='ltr'><strong>IX,</strong></span> <span class='ocrx_word' id='word_1_118' title='bbox 331 3131 464 3222; x_wconf 75' lang='grc'>11-14)</span> <span class='ocrx_word' id='word_1_119' title='bbox 483 3149 594 3207; x_wconf 88' lang='lat' dir='ltr'><strong>auctor</strong></span> <span class='ocrx_word' id='word_1_120' title='bbox 612 3127 723 3222; x_wconf 79' lang='lat' dir='ltr'><strong>inerit3</strong></span> <span class='ocrx_word' id='word_1_121' title='bbox 752 3142 859 3221; x_wconf 90' lang='lat' dir='ltr'><strong>itaque</strong></span> <span class='ocrx_word' id='word_1_122' title='bbox 880 3139 968 3204; x_wconf 89' lang='lat' dir='ltr'><strong>nobis</strong></span> <span class='ocrx_word' id='word_1_123' title='bbox 996 3156 1108 3203; x_wconf 89' lang='lat' dir='ltr'><strong>munus</strong></span> <span class='ocrx_word' id='word_1_124' title='bbox 1137 3157 1171 3204; x_wconf 93' lang='lat' dir='ltr'><strong>se</strong></span> <span class='ocrx_word' id='word_1_125' title='bbox 1200 3139 1282 3204; x_wconf 91' lang='lat' dir='ltr'><strong>ultro</strong></span> 
     </span>
     <span class='ocr_line' id='line_1_16' title="bbox 117 3244 1283 3331; baseline -0.002 -20"><span class='ocrx_word' id='word_1_126' title='bbox 117 3247 271 3313; x_wconf 84' lang='lat' dir='ltr'><strong>offerebat</strong></span> <span class='ocrx_word' id='word_1_127' title='bbox 300 3249 332 3312; x_wconf 92' lang='lat' dir='ltr'><strong>in</strong></span> <span class='ocrx_word' id='word_1_128' title='bbox 361 3247 453 3331; x_wconf 87' lang='lat' dir='ltr'><strong>hujus</strong></span> <span class='ocrx_word' id='word_1_129' title='bbox 479 3265 603 3330; x_wconf 91' lang='lat' dir='ltr'><strong>quoque</strong></span> <span class='ocrx_word' id='word_1_130' title='bbox 637 3267 740 3313; x_wconf 86' lang='lat' dir='ltr'><strong>rerum</strong></span> <span class='ocrx_word' id='word_1_131' title='bbox 773 3247 935 3329; x_wconf 86' lang='lat' dir='ltr'><strong>scriptoris</strong></span> <span class='ocrx_word' id='word_1_132' title='bbox 960 3244 1062 3310; x_wconf 89' lang='lat' dir='ltr'><strong>fontes</strong></span> <span class='ocrx_word' id='word_1_133' title='bbox 1089 3245 1283 3328; x_wconf 55' lang='lat' dir='ltr'><strong>inquirenda</strong></span> 
     </span>
     <span class='ocr_line' id='line_1_17' title="bbox 116 3351 1286 3437; baseline -0.004 -17"><span class='ocrx_word' id='word_1_134' title='bbox 116 3373 180 3435; x_wconf 88' lang='lat' dir='ltr'><strong>qna</strong></span> <span class='ocrx_word' id='word_1_135' title='bbox 202 3373 235 3419; x_wconf 91' lang='lat' dir='ltr'><strong>re</strong></span> <span class='ocrx_word' id='word_1_136' title='bbox 257 3354 458 3435; x_wconf 83' lang='lat' dir='ltr'><strong>factumest,</strong></span> <span class='ocrx_word' id='word_1_137' title='bbox 487 3361 522 3419; x_wconf 93' lang='lat' dir='ltr'><strong>nt</strong></span> <span class='ocrx_word' id='word_1_138' title='bbox 544 3353 812 3437; x_wconf 87' lang='lat' dir='ltr'><strong>quaestiunculam</strong></span> <span class='ocrx_word' id='word_1_139' title='bbox 843 3355 883 3419; x_wconf 91' lang='lat' dir='ltr'><strong>de</strong></span> <span class='ocrx_word' id='word_1_140' title='bbox 911 3353 949 3417; x_wconf 90' lang='lat' dir='ltr'><strong>iis</strong></span> <span class='ocrx_word' id='word_1_141' title='bbox 979 3351 1051 3416; x_wconf 91' lang='lat' dir='ltr'><strong>huic</strong></span> <span class='ocrx_word' id='word_1_142' title='bbox 1070 3351 1286 3418; x_wconf 88' lang='lat' dir='ltr'><strong>dissertationi·</strong></span> 
     </span>
     <span class='ocr_line' id='line_1_18' title="bbox 117 3461 376 3545; baseline 0.004 -21"><span class='ocrx_word' id='word_1_143' title='bbox 117 3461 376 3545; x_wconf 87' lang='lat' dir='ltr'><strong>subjunxerimus.</strong></span> 
     </span>
    </p>
   </div>
   <div class='ocr_carea' id='block_1_2' title="bbox 552 3664 842 3675">
    <p class='ocr_par' dir='ltr' id='par_1_6' title="bbox 552 3664 842 3675">
     <span class='ocr_line' id='line_1_19' title="bbox 552 3664 842 3675; baseline -0.007 -1"><span class='ocrx_word' id='word_1_144' title='bbox 552 3664 842 3675; x_wconf 47' lang='lat' dir='ltr'><em>..u—...muu—</em></span> 
     </span>
    </p>
   </div>
   <div class='ocr_carea' id='block_1_3' title="bbox 0 0 1428 4636">
    <p class='ocr_par' dir='ltr' id='par_1_7' title="bbox 0 0 1428 4636">
     <span class='ocr_line' id='line_1_20' title="bbox 0 0 1428 4636; baseline 0 3"><span class='ocrx_word' id='word_1_145' title='bbox 0 0 1428 4636; x_wconf 95' lang='lat' dir='ltr'><strong> </strong></span> 
     </span>
    </p>
   </div>
  </div>
 </body>
</html>
