2848 4636
686 287 724 346 10

556 369 845 392 Μ

119 488 238 568 majore
280 486 440 568 diligentia
474 504 564 569 quam
605 507 806 554 romanorum
843 491 928 571 apud
967 491 1071 578 ipsum
1106 492 1282 572 Appianum

118 593 344 675 reddantur*),
372 595 427 660 sed
457 594 550 659 etiarn
575 595 660 676 apud
686 595 847 677 Polybium
877 602 911 662 et
938 597 1075 678 Livium,
1112 600 1166 679 qui
1192 599 1282 680 longe

117 699 277 766 iusiusres
289 701 320 766 in
331 700 552 782 Airicagestas
563 702 694 767 tradunt
705 703 796 784 longe
817 704 919 770 minor
937 703 1068 769 scientia
1082 724 1281 772 numerorum
1376 754 1379 761 ,

117 804 303 889 Libycarum
325 813 480 876 occumat.

198 915 265 978 lam
292 915 333 980 ad
359 915 453 980 aliam
479 933 546 979 rem
573 915 670 980 fontis
691 921 836 982 naturam
865 916 1077 982 illustrantem
1102 935 1278 998 pergamus.

117 1021 281 1099 Quomodo
313 1021 371 1102 fit,
402 1028 438 1087 ut
465 1022 496 1086 iu
526 1022 707 1102 universali,
739 1041 821 1103 quae
847 1023 961 1088 dieitur
993 1023 1128 1089 historia
1157 1026 1280 1106 imperii

116 1127 284 1212 populique
308 1128 457 1210 Romani,
479 1146 574 1208 quarn
596 1129 758 1210 Appianus
780 1130 972 1194 conscribere
993 1130 1052 1195 sibi
1071 1138 1290 1214 proposuerat

117 1233 172 1317 (cf.
193 1235 290 1316 praef.
314 1236 365 1316 12)
386 1253 437 1299 res
457 1240 523 1299 tam
545 1235 638 1300 exiles
662 1235 845 1317 tradantur,
874 1236 983 1318 quales
1003 1235 1064 1300 hae
1087 1242 1176 1302 sunt:
1208 1257 1277 1320 cap.

115 1345 165 1406 23.
187 1347 332 1406 Σκιπίων
352 1341 390 1404 δὲ
409 1337 524 1406 ὅπλον
543 1364 579 1404 τε
601 1341 655 1404 καὶ
674 1345 798 1425 χρυσοῦ
814 1343 869 1406 καὶ
884 1342 1024 1426 άργύρον
1037 1344 1090 1406 καὶ
1101 1343 1277 1426 ἐλέφαντος

114 1448 239 1513 πολλοῦ
265 1449 319 1511 καὶ
354 1445 468 1511 ἵππιον
497 1443 604 1512 ἄλλων
629 1471 665 1511 τε
693 1449 748 1512 καὶ
776 1450 973 1532 Νομαδικοῖν
1004 1451 1206 1535 κακρατηκώς
1247 1487 1272 1496 -

114 1555 265 1637 α’ριοτεϊα
284 1557 332 1636 τῷ
352 1557 463 1638 opacat
476 1554 625 1618 διεδίδου
643 1555 709 1618 κτλ.
747 1556 827 1634 Quid
848 1558 889 1622 ad
908 1558 1092 1639 scriptorem
1111 1576 1272 1622 romanum

115 1661 233 1727 civibus
255 1661 420 1726 maximam
441 1661 602 1726 victoriam
632 1660 835 1743 referentem,
872 1680 948 1728 num
976 1664 1007 1727 in
1037 1664 1155 1744 praeda
1183 1665 1273 1746 equi

114 1768 308 1834 numidici
328 1767 453 1849 luerint,
474 1769 592 1832 necne?
612 1767 722 1832 Nonne
741 1769 800 1833 hac
820 1786 855 1833 re
875 1769 992 1849 optime
1012 1771 1174 1852 probatur,
1192 1771 1273 1854 quod

115 1875 228 1941 Nissen
258 1876 321 1954 (De
347 1892 424 1955 paee
450 1893 479 1956 p.
512 1875 563 1956 18)
592 1874 717 1940 aliunde
744 1874 916 1954 concludit,
948 1876 1082 1956 Appiani
1112 1884 1273 1944 auctorem

113 1983 206 2063 vulgo
234 1981 421 2063 scriptorum
449 1981 656 2045 Romanorum
691 1981 891 2046 adnumerari
924 1999 986 2044 non
1016 1985 1132 2062 posse?
1164 2017 1199 2029 -
1236 1986 1273 2049 In

113 2108 179 2170 cap.
204 2093 242 2152 26
264 2087 376 2153 haecce
396 2087 560 2168 leguntur:
585 2086 717 2151 Τούτων
732 2087 961 2171 (captivorum)
981 2077 1068 2172 ἦσαν
1083 2087 1275 2154 Μαοοδλιοι

110 2195 262 2276 δισχίλιοι
287 2194 342 2256 καὶ
370 2193 581 2259 πεντακόσιοι
603 2197 669 2258 τῶν
702 2194 772 2256 αἰτδ
800 2193 1053 2258 Μασσανάσσου
1081 2195 1113 2268 ἐς
1133 2193 1272 2278 Σάφακα

110 2299 346 2385 μεταστάντων
364 2301 418 2364 καὶ
440 2299 558 2374 αι’τοάς
579 2301 597 2365 ὁ
618 2300 870 2384 Μασσανάσσης
882 2301 938 2364 ἐπὶ
959 2302 1044 2382 τῷδε
1063 2297 1162 2384 ᾔτησε
1178 2303 1271 2384 παρά
1372 2311 1373 2316 ’

110 2409 250 2474 Acritan
274 2408 329 2471 καὶ
356 2411 552 2490 κατέσφαξε.
602 2408 678 2472 Rern
708 2408 896 2472 levissimam
923 2425 1117 2489 essedaque
1146 2408 1271 2472 omnino

110 2517 142 2580 in
163 2517 219 2580 tali
238 2533 333 2596 opere
354 2504 527 2590 memoratu
547 2514 672 2596 dignam
695 2516 904 2596 unusquisque
923 2516 1081 2580 concedet.
1121 2516 1197 2594 Quis
1208 2533 1270 2578 uun

110 2623 211 2703 videt,
244 2622 302 2686 hoc
327 2640 365 2686 ex
395 2626 521 2686 auctore
549 2621 744 2702 desumptmn
774 2639 859 2702 esse,
897 2623 951 2702 qui
979 2622 1073 2687 rebus
1108 2622 1272 2686 numidicis

111 2727 281 2794 scribendis
315 2745 450 2820 operam
479 2727 591 2792 dedit?
629 2727 714 2792 ldern
749 2728 833 2791 cadit
867 2729 899 2790 in
937 2729 1047 2808 capitis
1079 2731 1128 2792 26.
1157 2728 1270 2792 verba:

109 2832 544 2900 α’πέδανονΜασσανάσοον
552 2832 738 2918 τριακόσιοι·
750 2835 781 2898 in
790 2852 856 2914 cap.
865 2839 915 2898 48.
924 2835 1030 2898 verba:
1043 2833 1273 2916 adcopdlrscow

110 2941 192 3026 πρός
205 2940 462 3026 Μασσανάσσην
473 2940 672 3021 barbadorum
690 2942 722 3007 in
735 2941 845 3022 capitis
859 2945 905 3005 l‘l.
920 2941 1122 3022 posteriorem
1134 2947 1271 3021 partem3

110 3050 242 3130 denique
264 3050 296 3114 in
315 3049 426 3130 capitis
448 3049 499 3114 32.
522 3053 661 3114 extrema
682 3049 787 3114 verba.
819 3049 900 3113 Nam
915 3049 946 3112 in
967 3067 1070 3112 rerum
1091 3049 1272 3113 narratione

108 3157 140 3221 in
171 3157 350 3220 universum
378 3160 444 3220 tarn
472 3156 689 3236 compendiosa
715 3156 787 3236 jnre
814 3155 986 3236 meritoque
1015 3173 1052 3220 co
1079 3153 1272 3234 offerrdimur,

110 3262 197 3344 quod
224 3261 262 3326 de
292 3262 382 3327 donis
407 3261 609 3327 Massinissae
645 3261 729 3327 datis
761 3267 811 3326 tot
835 3262 938 3330 verbis
967 3279 1069 3326 sermo
1095 3261 1141 3326 fit.
1189 3261 1271 3326 Nam

109 3370 171 3435 etsi
190 3370 297 3435 Livius
327 3373 361 3433 et
387 3369 455 3450 ipse
482 3367 595 3450 (XXX,
618 3373 671 3450 15,
698 3373 733 3433 11
765 3374 797 3433 et
817 3367 925 3450 XXX,
950 3370 988 3432 17
996 3415 1005 3447 ‚
1029 3365 1084 3450 13)
1113 3367 1152 3432 de
1180 3367 1271 3434 donis

109 3477 311 3542 Massinissae
333 3476 418 3541 datis
439 3476 626 3541 mentionem
647 3475 732 3556 facit,
752 3480 857 3540 tamen
877 3475 909 3540 iu
934 3474 1070 3558 Appiani
1091 3474 1270 3555 compendio

107 3584 139 3649 id
161 3602 222 3649 uon
241 3587 449 3665 exspectatur.
494 3581 627 3648 Constat
649 3583 745 3663 enirn,
780 3581 903 3648 Livium
932 3583 1008 3648 baec
1037 3600 1077 3648 ex
1104 3578 1270 3646 annalibus

176 3856 205 3921 ²¹¹)
223 3853 266 3909 De
284 3853 403 3910 numeris
421 3853 535 3908 rnilitum
552 3854 734 3909 Rornanorum
751 3854 872 3921 (navium
883 3853 947 3918 etc.)
966 3849 1109 3918 Appianas
1127 3849 1270 3906 duodecim

109 3946 214 3996 tantum
229 3941 304 4005 locis,
324 3939 358 3995 de
375 3940 493 3995 numeris
511 3940 664 3997 Poenorum
682 3947 711 3997 et
719 3939 895 3998 Numidarum
913 3943 1003 3994 autem
1016 3937 1124 4007 triginta
1142 3943 1269 4006 quattuor

108 4027 176 4082 locis
193 4028 356 4083 mentionem
375 4026 446 4081 lacit.
