<?xml version="1.0" encoding="UTF-8"?>
<!DOCTYPE html PUBLIC "-//W3C//DTD XHTML 1.0 Transitional//EN"
    "http://www.w3.org/TR/xhtml1/DTD/xhtml1-transitional.dtd">
<html xmlns="http://www.w3.org/1999/xhtml" xml:lang="en" lang="en">
 <head>
  <title>
</title>
<meta http-equiv="Content-Type" content="text/html;charset=utf-8" />
  <meta name='ocr-system' content='tesseract 3.04.00' />
  <meta name='ocr-capabilities' content='ocr_page ocr_carea ocr_par ocr_line ocrx_word'/>
</head>
<body>
  <div class='ocr_page' id='page_1' title='image "./dejubaappianica00kellgoog_0042.png"; bbox 0 0 2848 4636; ppageno 0'>
   <div class='ocr_carea' id='block_1_1' title="bbox 714 218 767 321">
    <p class='ocr_par' dir='ltr' id='par_1_1' title="bbox 714 218 767 321">
     <span class='ocr_line' id='line_1_1' title="bbox 714 218 767 321; baseline 0 0"><span class='ocrx_word' id='word_1_1' title='bbox 714 218 767 321; x_wconf 83' lang='lat' dir='ltr'>aa</span> 
     </span>
    </p>
   </div>
   <div class='ocr_carea' id='block_1_2' title="bbox 583 347 871 367">
    <p class='ocr_par' dir='ltr' id='par_1_2' title="bbox 583 347 871 367">
     <span class='ocr_line' id='line_1_2' title="bbox 583 347 871 367; baseline 0.003 -11"><span class='ocrx_word' id='word_1_2' title='bbox 583 347 871 367; x_wconf 47' lang='grc' dir='ltr'>-ι--ἰ--ι-ιι--κ</span> 
     </span>
    </p>
   </div>
   <div class='ocr_carea' id='block_1_3' title="bbox 69 441 1331 3215">
    <p class='ocr_par' dir='ltr' id='par_1_3' title="bbox 143 441 1331 763">
     <span class='ocr_line' id='line_1_3' title="bbox 145 441 1331 552; baseline -0.002 -21"><span class='ocrx_word' id='word_1_3' title='bbox 145 469 183 532; x_wconf 92' lang='lat' dir='ltr'>de</span> <span class='ocrx_word' id='word_1_4' title='bbox 219 468 313 532; x_wconf 87' lang='lat' dir='ltr'>rebus</span> <span class='ocrx_word' id='word_1_5' title='bbox 346 466 550 530; x_wconf 89' lang='lat' dir='ltr'>Massinissae</span> <span class='ocrx_word' id='word_1_6' title='bbox 587 465 635 529; x_wconf 84' lang='lat' dir='ltr'>vel</span> <span class='ocrx_word' id='word_1_7' title='bbox 674 463 978 552; x_wconf 76' lang='lat' dir='ltr'>Carthaginiensium</span> <span class='ocrx_word' id='word_1_8' title='bbox 1016 464 1052 542; x_wconf 79' lang='lat' dir='ltr'>(i.</span> <span class='ocrx_word' id='word_1_9' title='bbox 1083 481 1108 527; x_wconf 90' lang='lat' dir='ltr'>e.</span> <span class='ocrx_word' id='word_1_10' title='bbox 1147 463 1184 528; x_wconf 89' lang='lat' dir='ltr'>de</span> <span class='ocrx_word' id='word_1_11' title='bbox 1218 441 1331 529; x_wconf 83' lang='lat' dir='ltr'>rebus</span> 
     </span>
     <span class='ocr_line' id='line_1_4' title="bbox 144 568 1309 670; baseline -0.003 -30"><span class='ocrx_word' id='word_1_12' title='bbox 144 573 287 656; x_wconf 80' lang='lat' dir='ltr'>Libycis)</span> <span class='ocrx_word' id='word_1_13' title='bbox 322 592 389 640; x_wconf 92' lang='lat' dir='ltr'>men</span> <span class='ocrx_word' id='word_1_14' title='bbox 392 573 435 638; x_wconf 90' lang='lat' dir='ltr'>tio</span> <span class='ocrx_word' id='word_1_15' title='bbox 392 571 517 651; x_wconf 70' lang='lat' dir='ltr'>tali</span> <span class='ocrx_word' id='word_1_16' title='bbox 555 576 648 653; x_wconf 92' lang='lat' dir='ltr'>atque</span> <span class='ocrx_word' id='word_1_17' title='bbox 676 571 762 635; x_wconf 85' lang='lat' dir='ltr'>his</span> <span class='ocrx_word' id='word_1_18' title='bbox 754 572 830 670; x_wconf 85' lang='lat' dir='ltr'>ipsis</span> <span class='ocrx_word' id='word_1_19' title='bbox 863 570 940 635; x_wconf 90' lang='lat' dir='ltr'>locis</span> <span class='ocrx_word' id='word_1_20' title='bbox 966 568 1033 635; x_wconf 89' lang='lat' dir='ltr'>fere</span> <span class='ocrx_word' id='word_1_21' title='bbox 1061 589 1182 651; x_wconf 86' lang='lat' dir='ltr'>semper</span> <span class='ocrx_word' id='word_1_22' title='bbox 1217 589 1309 652; x_wconf 91' lang='lat' dir='ltr'>quam</span> 
     </span>
     <span class='ocr_line' id='line_1_5' title="bbox 143 679 721 763; baseline -0.007 -17"><span class='ocrx_word' id='word_1_23' title='bbox 143 682 278 750; x_wconf 83' lang='lat' dir='ltr'>maxime</span> <span class='ocrx_word' id='word_1_24' title='bbox 301 699 369 745; x_wconf 91' lang='lat' dir='ltr'>cum</span> <span class='ocrx_word' id='word_1_25' title='bbox 392 681 535 763; x_wconf 83' lang='lat' dir='ltr'>Appiano</span> <span class='ocrx_word' id='word_1_26' title='bbox 557 679 721 744; x_wconf 81' lang='lat' dir='ltr'>consentit</span> 
     </span>
    </p>

    <p class='ocr_par' dir='ltr' id='par_1_4' title="bbox 145 743 1312 1401">
     <span class='ocr_line' id='line_1_6' title="bbox 193 743 1310 870; baseline -0.003 -17.906"><span class='ocrx_word' id='word_1_27' title='bbox 193 788 352 865; x_wconf 80' lang='lat' dir='ltr'>Quare</span> <span class='ocrx_word' id='word_1_28' title='bbox 380 789 513 870; x_wconf 90' lang='lat' dir='ltr'>suspicio</span> <span class='ocrx_word' id='word_1_29' title='bbox 542 787 677 850; x_wconf 88' lang='lat' dir='ltr'>maxima</span> <span class='ocrx_word' id='word_1_30' title='bbox 699 785 760 848; x_wconf 89' lang='lat' dir='ltr'>orit</span> <span class='ocrx_word' id='word_1_31' title='bbox 763 803 815 862; x_wconf 81' lang='lat' dir='ltr'>ur,</span> <span class='ocrx_word' id='word_1_32' title='bbox 850 749 1018 848; x_wconf 86' lang='lat' dir='ltr'>Dionem&#39;</span> <span class='ocrx_word' id='word_1_33' title='bbox 1010 801 1042 846; x_wconf 86' lang='grc' dir='ltr'>ιιι</span> <span class='ocrx_word' id='word_1_34' title='bbox 1070 743 1162 858; x_wconf 89' lang='lat' dir='ltr'>rebus</span> <span class='ocrx_word' id='word_1_35' title='bbox 1185 783 1310 866; x_wconf 90' lang='lat' dir='ltr'>Libycis</span> 
     </span>
     <span class='ocr_line' id='line_1_7' title="bbox 145 889 1311 975; baseline -0.003 -15"><span class='ocrx_word' id='word_1_36' title='bbox 145 893 315 960; x_wconf 84' lang='lat' dir='ltr'>scribendis</span> <span class='ocrx_word' id='word_1_37' title='bbox 328 913 384 975; x_wconf 92' lang='lat' dir='ltr'>pro</span> <span class='ocrx_word' id='word_1_38' title='bbox 396 913 454 958; x_wconf 89' lang='lat' dir='ltr'>sua</span> <span class='ocrx_word' id='word_1_39' title='bbox 471 894 502 956; x_wconf 93' lang='lat' dir='ltr'>in</span> <span class='ocrx_word' id='word_1_40' title='bbox 524 891 576 956; x_wconf 87' lang='lat' dir='ltr'>lon</span> <span class='ocrx_word' id='word_1_41' title='bbox 580 893 662 956; x_wconf 92' lang='lat' dir='ltr'>tibus</span> <span class='ocrx_word' id='word_1_42' title='bbox 680 890 879 972; x_wconf 85' lang='lat' dir='ltr'>exquirendis</span> <span class='ocrx_word' id='word_1_43' title='bbox 893 889 1032 970; x_wconf 80' lang='lat' dir='ltr'>diligent</span> <span class='ocrx_word' id='word_1_44' title='bbox 1024 907 1054 954; x_wconf 88' lang='lat' dir='ltr'>ra</span> <span class='ocrx_word' id='word_1_45' title='bbox 1068 909 1137 953; x_wconf 90' lang='lat' dir='ltr'>eum</span> <span class='ocrx_word' id='word_1_46' title='bbox 1149 896 1311 956; x_wconf 85' lang='lat' dir='ltr'>auctorent</span> 
     </span>
     <span class='ocr_line' id='line_1_8' title="bbox 147 997 1310 1081; baseline -0.003 -15"><span class='ocrx_word' id='word_1_47' title='bbox 147 1003 204 1066; x_wconf 88' lang='lat' dir='ltr'>sibi</span> <span class='ocrx_word' id='word_1_48' title='bbox 226 1000 372 1081; x_wconf 81' lang='lat' dir='ltr'>elegisse,</span> <span class='ocrx_word' id='word_1_49' title='bbox 404 1018 496 1081; x_wconf 91' lang='lat' dir='ltr'>quern</span> <span class='ocrx_word' id='word_1_50' title='bbox 520 1006 553 1063; x_wconf 90' lang='lat' dir='ltr'>et</span> <span class='ocrx_word' id='word_1_51' title='bbox 582 1000 648 1080; x_wconf 89' lang='lat' dir='ltr'>ipse</span> <span class='ocrx_word' id='word_1_52' title='bbox 671 997 830 1079; x_wconf 77' lang='lat' dir='ltr'>Appianas</span> <span class='ocrx_word' id='word_1_53' title='bbox 852 998 883 1060; x_wconf 91' lang='lat' dir='ltr'>in</span> <span class='ocrx_word' id='word_1_54' title='bbox 906 997 994 1060; x_wconf 90' lang='lat' dir='ltr'>libris</span> <span class='ocrx_word' id='word_1_55' title='bbox 1016 997 1141 1061; x_wconf 89' lang='lat' dir='ltr'>Punicis</span> <span class='ocrx_word' id='word_1_56' title='bbox 1165 998 1195 1060; x_wconf 93' lang='lat' dir='ltr'>in</span> <span class='ocrx_word' id='word_1_57' title='bbox 1220 1016 1310 1062; x_wconf 90' lang='lat' dir='ltr'>usum</span> 
     </span>
     <span class='ocr_line' id='line_1_9' title="bbox 147 1089 1312 1188; baseline -0.003 -16"><span class='ocrx_word' id='word_1_58' title='bbox 147 1109 282 1188; x_wconf 85' lang='lat' dir='ltr'>vocavit,</span> <span class='ocrx_word' id='word_1_59' title='bbox 298 1107 450 1170; x_wconf 91' lang='lat' dir='ltr'>nimirum</span> <span class='ocrx_word' id='word_1_60' title='bbox 475 1089 598 1170; x_wconf 84' lang='lat' dir='ltr'>Jubam.</span> <span class='ocrx_word' id='word_1_61' title='bbox 640 1105 729 1184; x_wconf 78' lang='lat' dir='ltr'>Quae</span> <span class='ocrx_word' id='word_1_62' title='bbox 750 1123 803 1168; x_wconf 92' lang='lat' dir='ltr'>sen</span> <span class='ocrx_word' id='word_1_63' title='bbox 807 1110 857 1168; x_wconf 88' lang='lat' dir='ltr'>ten</span> <span class='ocrx_word' id='word_1_64' title='bbox 861 1105 904 1167; x_wconf 87' lang='lat' dir='ltr'>tia</span> <span class='ocrx_word' id='word_1_65' title='bbox 932 1103 1045 1168; x_wconf 86' lang='lat' dir='ltr'>evincit</span> <span class='ocrx_word' id='word_1_66' title='bbox 1048 1110 1138 1168; x_wconf 87' lang='lat' dir='ltr'>uret</span> <span class='ocrx_word' id='word_1_67' title='bbox 1160 1104 1273 1184; x_wconf 92' lang='lat' dir='ltr'>prohat</span> <span class='ocrx_word' id='word_1_68' title='bbox 1273 1123 1312 1169; x_wconf 90' lang='lat' dir='ltr'>ur</span> 
     </span>
     <span class='ocr_line' id='line_1_10' title="bbox 148 1209 1311 1326; baseline -0.002 -48"><span class='ocrx_word' id='word_1_69' title='bbox 148 1215 212 1279; x_wconf 89' lang='lat' dir='ltr'>loco</span> <span class='ocrx_word' id='word_1_70' title='bbox 233 1214 365 1295; x_wconf 87' lang='lat' dir='ltr'>quodam</span> <span class='ocrx_word' id='word_1_71' title='bbox 388 1213 499 1276; x_wconf 90' lang='lat' dir='ltr'>Dionis</span> <span class='ocrx_word' id='word_1_72' title='bbox 534 1231 628 1293; x_wconf 89' lang='lat' dir='ltr'>quam</span> <span class='ocrx_word' id='word_1_73' title='bbox 654 1211 785 1278; x_wconf 83' lang='lat' dir='ltr'>maxime</span> <span class='ocrx_word' id='word_1_74' title='bbox 812 1209 1006 1326; x_wconf 85' lang='lat' dir='ltr'>memorabili</span> <span class='ocrx_word' id='word_1_75' title='bbox 1037 1209 1129 1274; x_wconf 86' lang='lat' dir='ltr'>ettad</span> <span class='ocrx_word' id='word_1_76' title='bbox 1151 1217 1311 1288; x_wconf 85' lang='lat' dir='ltr'>auctorem</span> 
     </span>
     <span class='ocr_line' id='line_1_11' title="bbox 149 1319 587 1416; baseline -0.01 -31"><span class='ocrx_word' id='word_1_77' title='bbox 149 1319 391 1416; x_wconf 86' lang='lat' dir='ltr'>cognoscendum</span> <span class='ocrx_word' id='word_1_78' title='bbox 411 1320 587 1401; x_wconf 91' lang='lat' dir='ltr'>proprio.</span> 
     </span>
    </p>

    <p class='ocr_par' dir='ltr' id='par_1_5' title="bbox 144 1411 1315 2572">
     <span class='ocr_line' id='line_1_12' title="bbox 228 1411 1311 1514; baseline -0.004 -24"><span class='ocrx_word' id='word_1_79' title='bbox 228 1411 302 1490; x_wconf 91' lang='lat' dir='ltr'>Zon.</span> <span class='ocrx_word' id='word_1_80' title='bbox 321 1425 392 1490; x_wconf 92' lang='lat' dir='ltr'>P.I.</span> <span class='ocrx_word' id='word_1_81' title='bbox 416 1423 526 1489; x_wconf 81' lang='lat'>4390</span> <span class='ocrx_word' id='word_1_82' title='bbox 552 1423 658 1505; x_wconf 86' lang='lat' dir='ltr'>tradit</span> <span class='ocrx_word' id='word_1_83' title='bbox 683 1422 884 1514; x_wconf 85' lang='lat' dir='ltr'>Massinissae</span> <span class='ocrx_word' id='word_1_84' title='bbox 908 1404 1039 1485; x_wconf 85' lang='lat' dir='ltr'>uratrem</span> <span class='ocrx_word' id='word_1_85' title='bbox 1057 1423 1311 1504; x_wconf 89' lang='lat' dir='ltr'>divinoquodam</span> 
     </span>
     <span class='ocr_line' id='line_1_13' title="bbox 145 1529 1313 1611; baseline -0.002 -14.962"><span class='ocrx_word' id='word_1_86' title='bbox 145 1532 322 1596; x_wconf 86' lang='lat' dir='ltr'>afflatu—</span> <span class='ocrx_word' id='word_1_87' title='bbox 351 1531 590 1596; x_wconf 66' lang='grc' dir='ltr'>θειάσασα-</span> <span class='ocrx_word' id='word_1_88' title='bbox 619 1531 863 1611; x_wconf 88' lang='lat' dir='ltr'>conjurationem</span> <span class='ocrx_word' id='word_1_89' title='bbox 892 1529 1087 1609; x_wconf 85' lang='lat' dir='ltr'>cognovisse,</span> <span class='ocrx_word' id='word_1_90' title='bbox 1116 1547 1207 1610; x_wconf 87' lang='lat' dir='ltr'>quam</span> <span class='ocrx_word' id='word_1_91' title='bbox 1229 1531 1313 1594; x_wconf 90' lang='lat' dir='ltr'>Iberi</span> 
     </span>
     <span class='ocr_line' id='line_1_14' title="bbox 146 1617 1313 1724; baseline -0.001 -21"><span class='ocrx_word' id='word_1_92' title='bbox 146 1641 180 1703; x_wconf 90' lang='lat' dir='ltr'>iu</span> <span class='ocrx_word' id='word_1_93' title='bbox 213 1617 318 1702; x_wconf 85' lang='lat' dir='ltr'>eastra</span> <span class='ocrx_word' id='word_1_94' title='bbox 347 1640 490 1724; x_wconf 87' lang='lat' dir='ltr'>Romana</span> <span class='ocrx_word' id='word_1_95' title='bbox 520 1626 713 1701; x_wconf 81' lang='lat' dir='ltr'>molirentur.</span> <span class='ocrx_word' id='word_1_96' title='bbox 761 1636 849 1700; x_wconf 90' lang='lat' dir='ltr'>Haec</span> <span class='ocrx_word' id='word_1_97' title='bbox 884 1635 980 1700; x_wconf 91' lang='lat' dir='ltr'>verba</span> <span class='ocrx_word' id='word_1_98' title='bbox 1015 1654 1106 1718; x_wconf 89' lang='lat' dir='ltr'>quam</span> <span class='ocrx_word' id='word_1_99' title='bbox 1141 1638 1313 1702; x_wconf 86' lang='lat' dir='ltr'>certissime</span> 
     </span>
     <span class='ocr_line' id='line_1_15' title="bbox 145 1725 1311 1826; baseline 0 -16"><span class='ocrx_word' id='word_1_100' title='bbox 145 1746 288 1822; x_wconf 88' lang='lat' dir='ltr'>indicant</span> <span class='ocrx_word' id='word_1_101' title='bbox 334 1764 439 1808; x_wconf 88' lang='lat' dir='ltr'>rerum</span> <span class='ocrx_word' id='word_1_102' title='bbox 468 1745 664 1826; x_wconf 74' lang='lat' dir='ltr'>‘scriptorem</span> <span class='ocrx_word' id='word_1_103' title='bbox 701 1743 771 1808; x_wconf 89' lang='lat' dir='ltr'>curn</span> <span class='ocrx_word' id='word_1_104' title='bbox 805 1739 1008 1808; x_wconf 82' lang='lat' dir='ltr'>Massinissa</span> <span class='ocrx_word' id='word_1_105' title='bbox 1036 1744 1234 1825; x_wconf 87' lang='lat' dir='ltr'>conjunctum</span> <span class='ocrx_word' id='word_1_106' title='bbox 1271 1725 1311 1794; x_wconf 57' lang='grc' dir='ltr'>ἕ-</span> 
     </span>
     <span class='ocr_line' id='line_1_16' title="bbox 146 1849 1312 1934; baseline 0.001 -18"><span class='ocrx_word' id='word_1_107' title='bbox 146 1854 291 1918; x_wconf 83' lang='grc' dir='ltr'>ιιιιιιιιιιιιι</span> <span class='ocrx_word' id='word_1_108' title='bbox 314 1852 437 1924; x_wconf 88' lang='lat' dir='ltr'>Jubam.</span> <span class='ocrx_word' id='word_1_109' title='bbox 486 1851 533 1914; x_wconf 87' lang='lat' dir='ltr'>Ex</span> <span class='ocrx_word' id='word_1_110' title='bbox 559 1853 701 1931; x_wconf 78' lang='lat' dir='ltr'>Appiano</span> <span class='ocrx_word' id='word_1_111' title='bbox 725 1851 806 1915; x_wconf 92' lang='lat' dir='ltr'>enim</span> <span class='ocrx_word' id='word_1_112' title='bbox 828 1851 940 1914; x_wconf 89' lang='lat' dir='ltr'>sciurus</span> <span class='ocrx_word' id='word_1_113' title='bbox 968 1851 1018 1928; x_wconf 85' lang='lat' dir='ltr'>(cf.</span> <span class='ocrx_word' id='word_1_114' title='bbox 1040 1849 1067 1914; x_wconf 71' lang='lat' dir='ltr'>c.&#39;</span> <span class='ocrx_word' id='word_1_115' title='bbox 1089 1849 1172 1934; x_wconf 65' lang='lat'>14),</span> <span class='ocrx_word' id='word_1_116' title='bbox 1197 1853 1312 1918; x_wconf 81' lang='lat' dir='ltr'>iubam</span> 
     </span>
     <span class='ocr_line' id='line_1_17' title="bbox 147 1956 1311 2040; baseline 0.001 -17"><span class='ocrx_word' id='word_1_117' title='bbox 147 1961 240 2024; x_wconf 89' lang='lat' dir='ltr'>etiam</span> <span class='ocrx_word' id='word_1_118' title='bbox 264 1959 373 2022; x_wconf 88' lang='lat' dir='ltr'>matris</span> <span class='ocrx_word' id='word_1_119' title='bbox 392 1958 594 2022; x_wconf 88' lang='lat' dir='ltr'>Massinissae</span> <span class='ocrx_word' id='word_1_120' title='bbox 611 1975 702 2021; x_wconf 86' lang='lat' dir='ltr'>casus</span> <span class='ocrx_word' id='word_1_121' title='bbox 715 1956 882 2036; x_wconf 84' lang='lat' dir='ltr'>rettulisse,</span> <span class='ocrx_word' id='word_1_122' title='bbox 903 1975 979 2037; x_wconf 91' lang='lat' dir='ltr'>quos</span> <span class='ocrx_word' id='word_1_123' title='bbox 991 1975 1031 2020; x_wconf 89' lang='lat' dir='ltr'>ne</span> <span class='ocrx_word' id='word_1_124' title='bbox 1043 1959 1311 2040; x_wconf 85' lang='lat' dir='ltr'>novaretquidem</span> 
     </span>
     <span class='ocr_line' id='line_1_18' title="bbox 148 2063 1311 2147; baseline 0.001 -17"><span class='ocrx_word' id='word_1_125' title='bbox 148 2067 321 2147; x_wconf 88' lang='lat' dir='ltr'>quisquam,</span> <span class='ocrx_word' id='word_1_126' title='bbox 344 2065 402 2129; x_wconf 91' lang='lat' dir='ltr'>nisi</span> <span class='ocrx_word' id='word_1_127' title='bbox 425 2065 566 2146; x_wconf 90' lang='lat' dir='ltr'>quicum</span> <span class='ocrx_word' id='word_1_128' title='bbox 589 2063 793 2129; x_wconf 84' lang='lat' dir='ltr'>Massinissae</span> <span class='ocrx_word' id='word_1_129' title='bbox 812 2082 925 2144; x_wconf 90' lang='lat' dir='ltr'>genere</span> <span class='ocrx_word' id='word_1_130' title='bbox 942 2069 1028 2128; x_wconf 87' lang='lat' dir='ltr'>arete</span> <span class='ocrx_word' id='word_1_131' title='bbox 1039 2065 1221 2146; x_wconf 87' lang='lat' dir='ltr'>conjunctus</span> <span class='ocrx_word' id='word_1_132' title='bbox 1243 2067 1311 2131; x_wconf 89' lang='lat' dir='ltr'>luit.</span> 
     </span>
     <span class='ocr_line' id='line_1_19' title="bbox 144 2153 1312 2254; baseline 0.002 -18"><span class='ocrx_word' id='word_1_133' title='bbox 144 2175 248 2254; x_wconf 85' lang='lat' dir='ltr'>Atque</span> <span class='ocrx_word' id='word_1_134' title='bbox 272 2190 370 2253; x_wconf 91' lang='lat' dir='ltr'>quum</span> <span class='ocrx_word' id='word_1_135' title='bbox 402 2190 435 2234; x_wconf 91' lang='lat' dir='ltr'>re</span> <span class='ocrx_word' id='word_1_136' title='bbox 473 2190 547 2236; x_wconf 84' lang='lat' dir='ltr'>vera</span> <span class='ocrx_word' id='word_1_137' title='bbox 582 2171 784 2236; x_wconf 88' lang='lat' dir='ltr'>Massinissae</span> <span class='ocrx_word' id='word_1_138' title='bbox 822 2178 924 2234; x_wconf 89' lang='lat' dir='ltr'>mater</span> <span class='ocrx_word' id='word_1_139' title='bbox 957 2171 989 2234; x_wconf 90' lang='lat' dir='ltr'>in</span> <span class='ocrx_word' id='word_1_140' title='bbox 1018 2157 1136 2237; x_wconf 86' lang='lat' dir='ltr'>eastris</span> <span class='ocrx_word' id='word_1_141' title='bbox 1159 2153 1312 2254; x_wconf 83' lang='lat' dir='ltr'>Scipionis</span> 
     </span>
     <span class='ocr_line' id='line_1_20' title="bbox 144 2277 1314 2362; baseline 0.001 -18"><span class='ocrx_word' id='word_1_142' title='bbox 144 2279 239 2344; x_wconf 84' lang='lat' dir='ltr'>fuerit</span> <span class='ocrx_word' id='word_1_143' title='bbox 260 2278 358 2362; x_wconf 80' lang='lat' dir='ltr'>(App.</span> <span class='ocrx_word' id='word_1_144' title='bbox 385 2277 449 2362; x_wconf 80' lang='lat'>14.)</span> <span class='ocrx_word' id='word_1_145' title='bbox 479 2277 523 2342; x_wconf 94' lang='lat' dir='ltr'>illi</span> <span class='ocrx_word' id='word_1_146' title='bbox 554 2279 663 2342; x_wconf 91' lang='lat' dir='ltr'>nuntio</span> <span class='ocrx_word' id='word_1_147' title='bbox 692 2278 808 2358; x_wconf 89' lang='lat' dir='ltr'>aliquid</span> <span class='ocrx_word' id='word_1_148' title='bbox 840 2277 905 2342; x_wconf 86' lang='lat' dir='ltr'>veri</span> <span class='ocrx_word' id='word_1_149' title='bbox 927 2278 1057 2343; x_wconf 83' lang='lat' dir='ltr'>subesse</span> <span class='ocrx_word' id='word_1_150' title='bbox 1079 2297 1208 2360; x_wconf 59' lang='lat' dir='ltr'>censeoq</span> <span class='ocrx_word' id='word_1_151' title='bbox 1240 2299 1314 2345; x_wconf 88' lang='lat' dir='ltr'>sane</span> 
     </span>
     <span class='ocr_line' id='line_1_21' title="bbox 145 2384 1315 2468; baseline 0.003 -20"><span class='ocrx_word' id='word_1_152' title='bbox 145 2404 208 2450; x_wconf 91' lang='lat' dir='ltr'>non</span> <span class='ocrx_word' id='word_1_153' title='bbox 236 2404 293 2465; x_wconf 91' lang='lat' dir='ltr'>per</span> <span class='ocrx_word' id='word_1_154' title='bbox 330 2385 439 2466; x_wconf 90' lang='lat' dir='ltr'>deum,</span> <span class='ocrx_word' id='word_1_155' title='bbox 475 2386 532 2468; x_wconf 87' lang='lat' dir='ltr'>sed</span> <span class='ocrx_word' id='word_1_156' title='bbox 559 2403 617 2466; x_wconf 92' lang='lat' dir='ltr'>per</span> <span class='ocrx_word' id='word_1_157' title='bbox 651 2384 819 2467; x_wconf 84' lang='lat' dir='ltr'>populares</span> <span class='ocrx_word' id='word_1_158' title='bbox 849 2384 1094 2466; x_wconf 88' lang='lat' dir='ltr'>conjurationem</span> <span class='ocrx_word' id='word_1_159' title='bbox 1133 2388 1315 2466; x_wconf 89' lang='lat' dir='ltr'>cognovisse</span> 
     </span>
     <span class='ocr_line' id='line_1_22' title="bbox 147 2491 323 2572; baseline 0 -18"><span class='ocrx_word' id='word_1_160' title='bbox 147 2491 281 2556; x_wconf 87' lang='lat' dir='ltr'>videtur.</span> <span class='ocrx_word' id='word_1_161' title='bbox 295 2491 323 2572; x_wconf 72' lang='lat' dir='ltr'>*l</span> 
     </span>
    </p>

    <p class='ocr_par' dir='ltr' id='par_1_6' title="bbox 69 2596 1314 3215">
     <span class='ocr_line' id='line_1_23' title="bbox 229 2596 1313 2682; baseline 0 -19"><span class='ocrx_word' id='word_1_162' title='bbox 229 2599 336 2682; x_wconf 86' lang='lat' dir='ltr'>ltaque</span> <span class='ocrx_word' id='word_1_163' title='bbox 356 2617 413 2679; x_wconf 89' lang='lat' dir='ltr'>pro</span> <span class='ocrx_word' id='word_1_164' title='bbox 437 2603 522 2662; x_wconf 88' lang='lat' dir='ltr'>certo</span> <span class='ocrx_word' id='word_1_165' title='bbox 545 2597 702 2662; x_wconf 84' lang='lat' dir='ltr'>affirmare</span> <span class='ocrx_word' id='word_1_166' title='bbox 726 2597 817 2677; x_wconf 85' lang='lat' dir='ltr'>licet,</span> <span class='ocrx_word' id='word_1_167' title='bbox 840 2596 982 2662; x_wconf 87' lang='lat' dir='ltr'>Cassium</span> <span class='ocrx_word' id='word_1_168' title='bbox 1006 2596 1136 2662; x_wconf 90' lang='lat' dir='ltr'>Dionem</span> <span class='ocrx_word' id='word_1_169' title='bbox 1159 2603 1191 2661; x_wconf 91' lang='lat' dir='ltr'>et</span> <span class='ocrx_word' id='word_1_170' title='bbox 1210 2600 1313 2681; x_wconf 91' lang='lat' dir='ltr'>ipsum</span> 
     </span>
     <span class='ocr_line' id='line_1_24' title="bbox 146 2703 1314 2788; baseline 0.001 -18"><span class='ocrx_word' id='word_1_171' title='bbox 146 2705 260 2770; x_wconf 83' lang='lat' dir='ltr'>Jubanr</span> <span class='ocrx_word' id='word_1_172' title='bbox 283 2707 478 2787; x_wconf 66' lang='lat' dir='ltr'>inspexisse„</span> <span class='ocrx_word' id='word_1_173' title='bbox 508 2705 587 2768; x_wconf 91' lang='lat' dir='ltr'>Nam</span> <span class='ocrx_word' id='word_1_174' title='bbox 610 2722 707 2784; x_wconf 91' lang='lat' dir='ltr'>quum</span> <span class='ocrx_word' id='word_1_175' title='bbox 729 2704 888 2785; x_wconf 83' lang='lat' dir='ltr'>Appianas</span> <span class='ocrx_word' id='word_1_176' title='bbox 911 2703 995 2768; x_wconf 92' lang='lat' dir='ltr'>illam</span> <span class='ocrx_word' id='word_1_177' title='bbox 1015 2723 1164 2769; x_wconf 88' lang='lat' dir='ltr'>remnon</span> <span class='ocrx_word' id='word_1_178' title='bbox 1187 2703 1314 2788; x_wconf 83' lang='lat' dir='ltr'>referat,</span> 
     </span>
     <span class='ocr_line' id='line_1_25' title="bbox 69 2802 1312 2895; baseline -0.001 -18"><span class='ocrx_word' id='word_1_179' title='bbox 69 2831 74 2841; x_wconf 78' lang='grc'>’</span> <span class='ocrx_word' id='word_1_180' title='bbox 143 2833 183 2880; x_wconf 91' lang='lat' dir='ltr'>ne</span> <span class='ocrx_word' id='word_1_181' title='bbox 204 2813 234 2877; x_wconf 91' lang='lat' dir='ltr'>id</span> <span class='ocrx_word' id='word_1_182' title='bbox 251 2813 374 2894; x_wconf 90' lang='lat' dir='ltr'>quidem</span> <span class='ocrx_word' id='word_1_183' title='bbox 386 2813 537 2893; x_wconf 85' lang='lat' dir='ltr'>suspicari</span> <span class='ocrx_word' id='word_1_184' title='bbox 548 2829 725 2893; x_wconf 82' lang='lat' dir='ltr'>possumus,</span> <span class='ocrx_word' id='word_1_185' title='bbox 744 2811 875 2876; x_wconf 88' lang='lat' dir='ltr'>Dionem</span> <span class='ocrx_word' id='word_1_186' title='bbox 888 2830 928 2875; x_wconf 90' lang='lat' dir='ltr'>ex·</span> <span class='ocrx_word' id='word_1_187' title='bbox 938 2811 1080 2895; x_wconf 86' lang='lat' dir='ltr'>Appiano</span> <span class='ocrx_word' id='word_1_188' title='bbox 1092 2831 1149 2876; x_wconf 88' lang='lat' dir='ltr'>sua</span> <span class='ocrx_word' id='word_1_189' title='bbox 1163 2802 1312 2878; x_wconf 91' lang='lat' dir='ltr'>hausisse.</span> 
     </span>
     <span class='ocr_line' id='line_1_26' title="bbox 144 2917 1313 3010; baseline 0 -26"><span class='ocrx_word' id='word_1_190' title='bbox 144 2921 207 3010; x_wconf 82' lang='lat' dir='ltr'>Sed</span> <span class='ocrx_word' id='word_1_191' title='bbox 229 2921 343 2984; x_wconf 86' lang='lat' dir='ltr'>Jubam</span> <span class='ocrx_word' id='word_1_192' title='bbox 373 2919 496 2984; x_wconf 87' lang='lat' dir='ltr'>unicum</span> <span class='ocrx_word' id='word_1_193' title='bbox 529 2919 637 2982; x_wconf 88' lang='lat' dir='ltr'>Dionis</span> <span class='ocrx_word' id='word_1_194' title='bbox 666 2918 784 2983; x_wconf 86' lang='lat' dir='ltr'>fontem</span> <span class='ocrx_word' id='word_1_195' title='bbox 814 2936 874 2982; x_wconf 92' lang='lat' dir='ltr'>non</span> <span class='ocrx_word' id='word_1_196' title='bbox 902 2917 997 2982; x_wconf 87' lang='lat' dir='ltr'>fuisse</span> <span class='ocrx_word' id='word_1_197' title='bbox 1026 2919 1140 2983; x_wconf 91' lang='lat' dir='ltr'>collato</span> <span class='ocrx_word' id='word_1_198' title='bbox 1169 2920 1313 3000; x_wconf 79' lang='lat' dir='ltr'>Appiano</span> 
     </span>
     <span class='ocr_line' id='line_1_27' title="bbox 143 3023 1313 3108; baseline 0.002 -20"><span class='ocrx_word' id='word_1_199' title='bbox 143 3023 233 3088; x_wconf 88' lang='lat' dir='ltr'>facile</span> <span class='ocrx_word' id='word_1_200' title='bbox 269 3027 424 3106; x_wconf 86' lang='lat' dir='ltr'>videmus3</span> <span class='ocrx_word' id='word_1_201' title='bbox 469 3026 563 3088; x_wconf 91' lang='lat' dir='ltr'>immo</span> <span class='ocrx_word' id='word_1_202' title='bbox 600 3025 793 3088; x_wconf 89' lang='lat' dir='ltr'>diversorum</span> <span class='ocrx_word' id='word_1_203' title='bbox 820 3029 991 3089; x_wconf 51' lang='lat' dir='ltr'>¹auctorum</span> <span class='ocrx_word' id='word_1_204' title='bbox 1025 3026 1157 3106; x_wconf 89' lang='lat' dir='ltr'>vestigia</span> <span class='ocrx_word' id='word_1_205' title='bbox 1188 3033 1313 3108; x_wconf 88' lang='lat' dir='ltr'>praeter·</span> 
     </span>
     <span class='ocr_line' id='line_1_28' title="bbox 144 3129 1313 3215; baseline 0.002 -21"><span class='ocrx_word' id='word_1_206' title='bbox 144 3129 165 3193; x_wconf 82' lang='lat' dir='ltr'>J</span> <span class='ocrx_word' id='word_1_207' title='bbox 170 3129 263 3194; x_wconf 90' lang='lat' dir='ltr'>ubam</span> <span class='ocrx_word' id='word_1_208' title='bbox 286 3137 467 3212; x_wconf 86' lang='lat' dir='ltr'>occurrunt,</span> <span class='ocrx_word' id='word_1_209' title='bbox 492 3151 623 3213; x_wconf 90' lang='lat' dir='ltr'>querum</span> <span class='ocrx_word' id='word_1_210' title='bbox 645 3132 778 3211; x_wconf 91' lang='lat' dir='ltr'>primum</span> <span class='ocrx_word' id='word_1_211' title='bbox 801 3131 902 3197; x_wconf 81' lang='lat' dir='ltr'>locuni</span> <span class='ocrx_word' id='word_1_212' title='bbox 936 3132 1044 3198; x_wconf 86' lang='lat' dir='ltr'>Livius</span> <span class='ocrx_word' id='word_1_213' title='bbox 1067 3134 1201 3215; x_wconf 92' lang='lat' dir='ltr'>obtinet,</span> <span class='ocrx_word' id='word_1_214' title='bbox 1223 3151 1313 3214; x_wconf 89' lang='lat' dir='ltr'>quem</span> 
     </span>
    </p>
   </div>
   <div class='ocr_carea' id='block_1_4' title="bbox 126 3257 1354 4086">
    <p class='ocr_par' dir='ltr' id='par_1_7' title="bbox 126 3257 1354 4086">
     <span class='ocr_line' id='line_1_29' title="bbox 189 3257 1354 3346; baseline 0.004 -23"><span class='ocrx_word' id='word_1_215' title='bbox 189 3271 241 3346; x_wconf 40' lang='grc' dir='ltr'>ἦ)</span> <span class='ocrx_word' id='word_1_216' title='bbox 271 3268 443 3338; x_wconf 81' lang='lat' dir='ltr'>Quantopere</span> <span class='ocrx_word' id='word_1_217' title='bbox 469 3272 488 3324; x_wconf 92' lang='lat' dir='ltr'>ii</span> <span class='ocrx_word' id='word_1_218' title='bbox 514 3287 605 3326; x_wconf 88' lang='lat' dir='ltr'>errare</span> <span class='ocrx_word' id='word_1_219' title='bbox 627 3270 748 3336; x_wconf 89' lang='lat' dir='ltr'>soleant,</span> <span class='ocrx_word' id='word_1_220' title='bbox 773 3272 823 3338; x_wconf 81' lang='lat' dir='ltr'>&#39;qui</span> <span class='ocrx_word' id='word_1_221' title='bbox 849 3273 961 3327; x_wconf 84' lang='lat' dir='ltr'>lentium</span> <span class='ocrx_word' id='word_1_222' title='bbox 987 3273 1116 3341; x_wconf 83' lang='lat' dir='ltr'>originem</span> <span class='ocrx_word' id='word_1_223' title='bbox 1142 3279 1170 3328; x_wconf 86' lang='lat' dir='ltr'>et</span> <span class='ocrx_word' id='word_1_224' title='bbox 1191 3283 1313 3328; x_wconf 85' lang='lat' dir='ltr'>naturam</span> <span class='ocrx_word' id='word_1_225' title='bbox 1351 3257 1354 3263; x_wconf 35' lang='lat'>⁵</span> 
     </span>
     <span class='ocr_line' id='line_1_30' title="bbox 142 3362 1313 3435; baseline 0.004 -18"><span class='ocrx_word' id='word_1_226' title='bbox 142 3364 299 3432; x_wconf 88' lang='lat' dir='ltr'>ignorantes</span> <span class='ocrx_word' id='word_1_227' title='bbox 325 3363 359 3418; x_wconf 87' lang='lat' dir='ltr'>ad</span> <span class='ocrx_word' id='word_1_228' title='bbox 384 3364 540 3418; x_wconf 86' lang='lat' dir='ltr'>memoriam</span> <span class='ocrx_word' id='word_1_229' title='bbox 563 3362 732 3418; x_wconf 84' lang='lat' dir='ltr'>scribendam</span> <span class='ocrx_word' id='word_1_230' title='bbox 758 3381 820 3420; x_wconf 87' lang='lat' dir='ltr'>sese</span> <span class='ocrx_word' id='word_1_231' title='bbox 845 3365 996 3434; x_wconf 83' lang='lat' dir='ltr'>applicant,</span> <span class='ocrx_word' id='word_1_232' title='bbox 1022 3366 1150 3435; x_wconf 86' lang='lat' dir='ltr'>exemplo</span> <span class='ocrx_word' id='word_1_233' title='bbox 1175 3367 1313 3422; x_wconf 87' lang='lat' dir='ltr'>illustrare</span> 
     </span>
     <span class='ocr_line' id='line_1_31' title="bbox 126 3456 1313 3528; baseline 0.004 -18"><span class='ocrx_word' id='word_1_234' title='bbox 126 3458 234 3522; x_wconf 82' lang='lat' dir='ltr'>liccat.</span> <span class='ocrx_word' id='word_1_235' title='bbox 279 3457 322 3510; x_wconf 87' lang='lat' dir='ltr'>De</span> <span class='ocrx_word' id='word_1_236' title='bbox 352 3456 529 3511; x_wconf 83' lang='lat' dir='ltr'>Massinissae</span> <span class='ocrx_word' id='word_1_237' title='bbox 565 3464 651 3512; x_wconf 89' lang='lat' dir='ltr'>matre</span> <span class='ocrx_word' id='word_1_238' title='bbox 683 3459 794 3528; x_wconf 82' lang='lat' dir='ltr'>ejusque</span> <span class='ocrx_word' id='word_1_239' title='bbox 826 3459 932 3512; x_wconf 87' lang='lat' dir='ltr'>casibus</span> <span class='ocrx_word' id='word_1_240' title='bbox 965 3459 1018 3512; x_wconf 92' lang='lat' dir='ltr'>hoc</span> <span class='ocrx_word' id='word_1_241' title='bbox 1044 3459 1177 3528; x_wconf 87' lang='lat' dir='ltr'>judicium</span> <span class='ocrx_word' id='word_1_242' title='bbox 1208 3461 1313 3528; x_wconf 87' lang='lat' dir='ltr'>profert</span> 
     </span>
     <span class='ocr_line' id='line_1_32' title="bbox 143 3549 1313 3622; baseline 0.003 -18"><span class='ocrx_word' id='word_1_243' title='bbox 143 3550 240 3604; x_wconf 90' lang='lat' dir='ltr'>Wilh.</span> <span class='ocrx_word' id='word_1_244' title='bbox 262 3549 353 3611; x_wconf 83' lang='lat' dir='ltr'>lhne,</span> <span class='ocrx_word' id='word_1_245' title='bbox 387 3550 463 3604; x_wconf 83' lang='lat' dir='ltr'>Rbrn.</span> <span class='ocrx_word' id='word_1_246' title='bbox 482 3549 657 3607; x_wconf 69' lang='lat' dir='ltr'>,Gescb.&#39;ll.‚</span> <span class='ocrx_word' id='word_1_247' title='bbox 686 3551 755 3606; x_wconf 88' lang='lat' dir='ltr'>Adn.</span> <span class='ocrx_word' id='word_1_248' title='bbox 788 3551 859 3606; x_wconf 80' lang='lat'>412:</span> <span class='ocrx_word' id='word_1_249' title='bbox 891 3581 945 3614; x_wconf 88' lang='lat'>„-</span> <span class='ocrx_word' id='word_1_250' title='bbox 977 3551 1074 3604; x_wconf 90' lang='lat' dir='ltr'>Hanno</span> <span class='ocrx_word' id='word_1_251' title='bbox 1105 3553 1196 3607; x_wconf 87' lang='lat' dir='ltr'>wurde</span> <span class='ocrx_word' id='word_1_252' title='bbox 1226 3570 1313 3622; x_wconf 89' lang='lat' dir='ltr'>gegen</span> 
     </span>
     <span class='ocr_line' id='line_1_33' title="bbox 141 3641 1351 3711; baseline 0.004 -13"><span class='ocrx_word' id='word_1_253' title='bbox 141 3644 318 3698; x_wconf 85' lang='lat' dir='ltr'>Massinissas</span> <span class='ocrx_word' id='word_1_254' title='bbox 337 3641 441 3696; x_wconf 84' lang='lat' dir='ltr'>Mutter</span> <span class='ocrx_word' id='word_1_255' title='bbox 466 3645 688 3711; x_wconf 86' lang='lat' dir='ltr'>ausgcwechselt.</span> <span class='ocrx_word' id='word_1_256' title='bbox 725 3643 807 3698; x_wconf 85' lang='lat' dir='ltr'>Diese</span> <span class='ocrx_word' id='word_1_257' title='bbox 827 3645 882 3697; x_wconf 86' lang='lat' dir='ltr'>alte</span> <span class='ocrx_word' id='word_1_258' title='bbox 900 3644 1070 3698; x_wconf 89' lang='lat' dir='ltr'>Numidierin</span> <span class='ocrx_word' id='word_1_259' title='bbox 1093 3655 1195 3701; x_wconf 88' lang='lat' dir='ltr'>musste</span> <span class='ocrx_word' id='word_1_260' title='bbox 1213 3648 1241 3702; x_wconf 91' lang='lat' dir='ltr'>in</span> <span class='ocrx_word' id='word_1_261' title='bbox 1260 3647 1312 3702; x_wconf 88' lang='lat' dir='ltr'>den</span> <span class='ocrx_word' id='word_1_262' title='bbox 1349 3645 1351 3651; x_wconf 80' lang='lat'>&#39;</span> 
     </span>
     <span class='ocr_line' id='line_1_34' title="bbox 140 3715 1310 3812; baseline 0.005 -22"><span class='ocrx_word' id='word_1_263' title='bbox 140 3737 289 3791; x_wconf 89' lang='lat' dir='ltr'>Fabeleien</span> <span class='ocrx_word' id='word_1_264' title='bbox 314 3735 382 3792; x_wconf 83' lang='lat' dir='ltr'>iiber</span> <span class='ocrx_word' id='word_1_265' title='bbox 413 3736 465 3790; x_wconf 88' lang='lat' dir='ltr'>den</span> <span class='ocrx_word' id='word_1_266' title='bbox 494 3715 691 3791; x_wconf 80' lang='lat' dir='ltr'>africanischen</span> <span class='ocrx_word' id='word_1_267' title='bbox 715 3735 800 3804; x_wconf 87' lang='lat' dir='ltr'>Krieg</span> <span class='ocrx_word' id='word_1_268' title='bbox 826 3738 895 3792; x_wconf 85' lang='lat' dir='ltr'>auch</span> <span class='ocrx_word' id='word_1_269' title='bbox 920 3738 979 3791; x_wconf 89' lang='lat' dir='ltr'>ihre</span> <span class='ocrx_word' id='word_1_270' title='bbox 1003 3738 1082 3792; x_wconf 91' lang='lat' dir='ltr'>Rolle</span> <span class='ocrx_word' id='word_1_271' title='bbox 1110 3739 1222 3812; x_wconf 88' lang='lat' dir='ltr'>spielen</span> <span class='ocrx_word' id='word_1_272' title='bbox 1265 3742 1310 3796; x_wconf 88' lang='lat' dir='ltr'>Sic</span> 
     </span>
     <span class='ocr_line' id='line_1_35' title="bbox 140 3829 1351 3903; baseline 0.007 -21"><span class='ocrx_word' id='word_1_273' title='bbox 140 3845 197 3882; x_wconf 84' lang='lat' dir='ltr'>war</span> <span class='ocrx_word' id='word_1_274' title='bbox 226 3831 286 3884; x_wconf 90' lang='lat' dir='ltr'>eine</span> <span class='ocrx_word' id='word_1_275' title='bbox 305 3830 440 3884; x_wconf 89' lang='lat' dir='ltr'>Zauberin</span> <span class='ocrx_word' id='word_1_276' title='bbox 460 3831 495 3898; x_wconf 78' lang='grc' dir='ltr'>(ι)</span> <span class='ocrx_word' id='word_1_277' title='bbox 521 3829 586 3884; x_wconf 87' lang='lat' dir='ltr'>oder</span> <span class='ocrx_word' id='word_1_278' title='bbox 610 3829 722 3884; x_wconf 89' lang='lat' dir='ltr'>Seherin</span> <span class='ocrx_word' id='word_1_279' title='bbox 747 3829 801 3884; x_wconf 90' lang='lat' dir='ltr'>und</span> <span class='ocrx_word' id='word_1_280' title='bbox 825 3830 885 3883; x_wconf 87' lang='lat' dir='ltr'>hall</span> <span class='ocrx_word' id='word_1_281' title='bbox 908 3830 968 3884; x_wconf 89' lang='lat' dir='ltr'>eine</span> <span class='ocrx_word' id='word_1_282' title='bbox 988 3831 1202 3901; x_wconf 84' lang='lat' dir='ltr'>Verschwdruug</span> <span class='ocrx_word' id='word_1_283' title='bbox 1225 3851 1310 3903; x_wconf 91' lang='lat' dir='ltr'>gegen</span> <span class='ocrx_word' id='word_1_284' title='bbox 1348 3851 1351 3857; x_wconf 91' lang='lat'><em>·</em></span> 
     </span>
     <span class='ocr_line' id='line_1_36' title="bbox 141 3919 1308 3990; baseline 0.007 -16"><span class='ocrx_word' id='word_1_285' title='bbox 141 3919 234 3987; x_wconf 83' lang='lat' dir='ltr'>Scipio</span> <span class='ocrx_word' id='word_1_286' title='bbox 258 3923 486 3978; x_wconf 44' lang='lat' dir='ltr'>entdeclrenoe-</span> <span class='ocrx_word' id='word_1_287' title='bbox 514 3922 599 3988; x_wconf 80' lang='lat' dir='ltr'>Quam</span> <span class='ocrx_word' id='word_1_288' title='bbox 628 3924 725 3978; x_wconf 86' lang='lat' dir='ltr'>leviter</span> <span class='ocrx_word' id='word_1_289' title='bbox 749 3939 781 3977; x_wconf 89' lang='lat' dir='ltr'>ac</span> <span class='ocrx_word' id='word_1_290' title='bbox 809 3929 911 3978; x_wconf 87' lang='lat' dir='ltr'>temere</span> <span class='ocrx_word' id='word_1_291' title='bbox 940 3924 1008 3978; x_wconf 87' lang='lat' dir='ltr'>haec</span> <span class='ocrx_word' id='word_1_292' title='bbox 1033 3923 1107 3980; x_wconf 89' lang='lat' dir='ltr'>dieta</span> <span class='ocrx_word' id='word_1_293' title='bbox 1133 3926 1200 3990; x_wconf 87' lang='lat' dir='ltr'>sint,</span> <span class='ocrx_word' id='word_1_294' title='bbox 1229 3945 1308 3982; x_wconf 89' lang='lat' dir='ltr'>unus·</span> 
     </span>
     <span class='ocr_line' id='line_1_37' title="bbox 140 4014 1161 4086; baseline 0.002 -17"><span class='ocrx_word' id='word_1_295' title='bbox 140 4014 257 4083; x_wconf 87' lang='lat' dir='ltr'>quisque</span> <span class='ocrx_word' id='word_1_296' title='bbox 273 4015 414 4084; x_wconf 86' lang='lat' dir='ltr'>intelligit,</span> <span class='ocrx_word' id='word_1_297' title='bbox 434 4017 480 4086; x_wconf 89' lang='lat' dir='ltr'>qui</span> <span class='ocrx_word' id='word_1_298' title='bbox 498 4018 650 4072; x_wconf 86' lang='lat' dir='ltr'>accuratius</span> <span class='ocrx_word' id='word_1_299' title='bbox 668 4019 696 4070; x_wconf 91' lang='lat' dir='ltr'>in</span> <span class='ocrx_word' id='word_1_300' title='bbox 714 4017 828 4072; x_wconf 84' lang='lat' dir='ltr'>fontium</span> <span class='ocrx_word' id='word_1_301' title='bbox 846 4024 966 4072; x_wconf 88' lang='lat' dir='ltr'>naturam</span> <span class='ocrx_word' id='word_1_302' title='bbox 985 4017 1161 4084; x_wconf 87' lang='lat' dir='ltr'>inquisiverit.</span> 
     </span>
    </p>
   </div>
   <div class='ocr_carea' id='block_1_5' title="bbox 1095 4137 1109 4189">
    <p class='ocr_par' dir='ltr' id='par_1_8' title="bbox 1095 4137 1109 4189">
     <span class='ocr_line' id='line_1_38' title="bbox 1095 4137 1109 4189; baseline 0 -3"><span class='ocrx_word' id='word_1_303' title='bbox 1095 4137 1109 4189; x_wconf 84' lang='lat'>3</span> 
     </span>
    </p>
   </div>
   <div class='ocr_carea' id='block_1_6' title="bbox 0 0 1429 4636">
    <p class='ocr_par' dir='ltr' id='par_1_9' title="bbox 0 0 1429 4636">
     <span class='ocr_line' id='line_1_39' title="bbox 0 0 1429 4636; baseline 0 0"><span class='ocrx_word' id='word_1_304' title='bbox 0 0 1429 4636; x_wconf 95' lang='lat' dir='ltr'> </span> 
     </span>
    </p>
   </div>
  </div>
 </body>
</html>
