2848 4636
697 307 736 366 18

570 389 860 407 -ῠ-ι-

135 505 248 586 aliquis
261 503 445 585 profiteatur·
456 505 652 586 seutentiam,
668 507 802 588 Appiani
814 507 886 574 libri
900 513 1002 603 octavi
1014 519 1135 593 partem
1148 517 1292 596 priorem,
1397 529 1398 535 ’

135 613 173 678 de
193 630 256 694 qua
276 610 470 692 quaerimus,
496 616 651 693 Λιβυκοϊς
678 613 873 678 tribuendam
900 636 976 684 osse.
1021 621 1100 686 Nam
1123 640 1216 704 supra
1238 625 1292 689 de-

135 719 391 799 monstravimus,
421 718 554 800 Appiani
581 720 792 784 narrationem
814 725 1050 790 accuratissima
1070 748 1176 794 rerum
1198 730 1292 812 Liby-

133 845 239 893 carum
258 826 387 890 scientia
415 823 582 904 excellere3
614 845 720 890 verum
744 828 770 890 si
793 827 972 908 diligentius
1001 833 1033 897 in
1062 837 1166 914 operis
1187 837 1291 904 Jubae

132 940 277 999 naturam
295 932 491 1012 inquirimus,
513 933 670 996 sententia
691 933 744 995 illa
763 933 853 998 facite
867 937 1028 1003 refellitur.
1071 941 1207 1006 Exstant
1228 945 1290 1010 duo

131 1047 253 1106 tantum
272 1041 467 1118 fragmenta,
497 1056 575 1118 quae
603 1044 686 1102 certe
708 1041 809 1104 Jubae
832 1046 988 1124 Λιβυκοΐς
1017 1045 1183 1128 desumpta
1204 1058 1289 1132 sunt,

131 1167 259 1230 quorum
294 1147 427 1210 alterum
463 1144 545 1224 apud
571 1143 652 1210 Plut.
683 1145 752 1210 Par.
788 1148 861 1210 min.
898 1163 922 1212 c.
955 1152 993 1212 23
1030 1161 1188 1219 servatum
1224 1161 1288 1222 est:

130 1255 231 1322 Meua*
256 1253 316 1337 τήν
339 1251 432 1316 Ἰλίου
462 1247 630 1334 πόρθησιν
659 1249 850 1336 ἐξεβράσθη
881 1253 1044 1338 Διομήδης
1078 1257 1121 1330 εἰς
1149 1261 1288 1346 Λιβύην.

122 1361 230 1427 Ἔνθα
240 1359 349 1432 Λύκος
369 1346 409 1444 ἦν
429 1358 584 1439 βασιλεδς
604 1360 681 1432 ἔθος
702 1361 784 1439 ἔχων
806 1360 881 1434 τοδς
898 1364 1007 1436 ξένους
1017 1357 1102 1444 ’Ἁρει
1120 1367 1166 1444 τῷ
1186 1367 1287 1447 πατρὶ

129 1468 237 1534 θόειν.
294 1465 454 1550 Καλιῤῥόη
485 1465 522 1527 δὲ
556 1465 576 1548 ή
605 1464 771 1548 θυγότηρ,
801 1468 986 1549 ἐρασθεῖσα
1018 1467 1199 1554 Διομήδους
1230 1473 1288 1534 τδν

130 1583 259 1657 πατέρα
279 1569 449 1654 προῦδωκε
468 1572 522 1635 καὶ
544 1573 602 1635 τόν
615 1573 781 1656 Διομήδην
800 1577 905 1639 ἔσωσε
921 1573 1051 1640 λύσασα
1067 1579 1132 1638 τῶν
1147 1577 1286 1659 δεσμῶν·

131 1683 217 1764 δδδ,
241 1680 407 1764 οἷμελήσας
427 1683 483 1764 τῆς
511 1678 706 1760 εὐεργέτιδος
734 1681 956 1746 α’πέπλευσεν·
986 1681 1006 1758 ἦ
1034 1682 1071 1744 δὲ
1092 1681 1200 1764 βρόχῳ
1222 1685 1287 1746 ἐτε-

130 1787 296 1873 λεύτησεν·
328 1787 369 1861 aig
392 1785 497 1868 Ἰόβας
524 1787 561 1848 ἐν
588 1791 680 1869 τρίτη
708 1790 870 1868 Λιβυκῶν.
900 1823 940 1834 ·-
977 1790 1120 1869 Apparet
1154 1790 1231 1856 haec
1268 1809 1288 1854 a

128 1899 280 1978 scriptore
302 1895 429 1958 inventa
451 1909 537 1972 esse,
562 1893 613 1972 qui
633 1894 785 1974 principia
815 1893 965 1958 historiae
985 1894 1117 1977 Libycae
1140 1915 1289 1962 enarrare

128 2004 186 2068 sibi
207 2007 426 2084 proposuerat,
448 1999 541 2081 idque
562 2000 608 2064 ita
629 2000 821 2079 instituebar,
842 2000 950 2065 utilia
970 2019 1038 2067 cum
1052 2005 1173 2082 graecis
1194 2005 1287 2069 rebus

128 2111 225 2192 gestis
249 2108 375 2188 (Trojae
396 2105 530 2185 excidio)
551 2113 583 2170 et
603 2107 717 2170 fabulis
744 2107 952 2188 coniungeret.
997 2109 1155 2186 Quomodo
1179 2119 1286 2175 autem

125 2217 161 2282 fit
185 2253 221 2262 —
246 2220 282 2279 ut
302 2213 379 2278 alias
402 2214 602 2293 quaestiones
625 2213 674 2276 hic
704 2214 817 2278 missas
839 2213 988 2278 iaciamus
1014 2251 1046 2261 -
1078 2221 1115 2280 ut
1135 2217 1288 2299 principia

125 2342 231 2387 rerum
262 2322 446 2402 Libycarum
480 2321 574 2384 tertio
614 2321 736 2384 demum
772 2320 850 2384 libro
885 2320 1082 2388 referantur?
1130 2323 1178 2386 Ad
1207 2324 1287 2390 banc

125 2429 339 2512 quaestionem
356 2427 537 2492 solvendam
554 2428 696 2506 alterum,
718 2427 801 2506 quod
818 2432 931 2507 exstat,
952 2428 1159 2510 fragmentum
1174 2438 1283 2511 aptum

125 2538 264 2613 videtur,
292 2535 374 2615 quod
401 2533 484 2616 apud
516 2534 627 2598 Athen.
647 2535 702 2610 ΙΙΙ,
725 2539 764 2598 83
786 2535 821 2599 B.
843 2535 1014 2600 invenitur:
1043 2535 1228 2616 Αἰμιλιανὸς
1248 2538 1286 2600 δὲ

126 2645 232 2725 ἔλεγεν
249 2641 355 2722 Ἰόβαν
369 2642 427 2703 τδν
439 2646 662 2722 Μαυρουσίων
681 2641 827 2723 βασιλέα,
849 2639 956 2723 ἄνδρα
976 2643 1285 2724 πολυμαθέστατον,

125 2753 161 2813 ἐν
182 2754 249 2823 τοῖς
280 2750 356 2828 περὶ
377 2745 504 2830 Λιβύης
532 2747 776 2830 συγγράμμασι,
807 2747 1054 2830 μνημονεύοντα
1080 2755 1139 2813 τοῦ
1166 2756 1285 2832 κιτρίου

124 2858 301 2921 καλεῖσθαι
322 2853 461 2937 φάσκειν
490 2853 591 2916 αὐτόν
614 2854 707 2935 παρα
728 2858 795 2926 τοῖς
816 2859 941 2936 Λίβυσι
966 2856 1069 2940 μῆλον
1088 2855 1285 2938 Ἑσπερικόν,

124 2965 183 3048 ἀφ’
200 2951 246 3026 οἷν
267 2963 320 3026 καὶ
332 2960 491 3044 Ἡρακλέα
511 2967 644 3041 κομίσαι
660 2960 704 3034 εἰς
719 2962 780 3044 τήν
793 2960 930 3025 Ἑλλάδα
949 2964 993 3024 τοὶ
1006 2961 1130 3043 χρύσεα
1149 2965 1204 3028 διδ
1223 2965 1284 3048 τήν

125 3068 383 3149 ἰδιανλεγόμενα
397 3068 502 3151 μῆλα,·
518 3087 554 3131 ex
569 3085 629 3147 quo
643 3067 817 3148 fragmento
829 3068 976 3149 videmur,
987 3069 1006 3132 J
1009 3068 1100 3133 ubam
1110 3088 1171 3135 non
1181 3073 1283 3135 minus

125 3177 242 3260 Libyae
263 3174 465 3254 descriptioni
480 3192 605 3254 operam
619 3174 751 3254 dedisse,
772 3193 864 3256 quam
884 3175 977 3239 rebus
992 3176 1089 3254 gestis
1102 3177 1283 3257 scribendis

124 3291 219 3365 atque
242 3301 335 3365 quum
360 3281 455 3345 tertio
475 3280 598 3344 demum
621 3280 700 3344 libro
729 3281 769 3344 do
799 3281 956 3362 principiis
980 3300 1081 3348 sermo
1111 3281 1212 3347 factus
1232 3284 1282 3362 sit,

125 3397 231 3457 nostro
249 3393 320 3473 yure
341 3394 495 3470 putamus,
516 3386 606 3467 longe
627 3388 774 3469 majorem
794 3392 915 3468 partem
936 3387 1019 3453 iliius
1035 3390 1137 3470 operis
1152 3395 1283 3453 naturae

124 3505 157 3564 et
176 3497 295 3578 regioni
318 3495 539 3559 describendae
559 3494 732 3558 dedicatam
755 3495 876 3566 fuisse.¹

205 3602 323 3668 Eadem
349 3620 400 3665 res
430 3601 491 3665 aiia
521 3619 645 3682 quoque
673 3601 722 3664 via
753 3599 959 3665 demonstrari
985 3606 1099 3682 potest.
1151 3599 1281 3664 Constat

123 3709 143 3774 J
145 3709 237 3775 ubam
252 3709 427 3773 condidisse
443 3707 600 3790 Ἀραβικδ,
622 3726 702 3788 quae
715 3707 849 3773 Arabiae
863 3713 1017 3788 naturam,
1034 3712 1066 3771 et
1079 3703 1280 3788 Ἆσσυριακά,

123 3835 204 3898 quae
226 3816 371 3897 Assyriae
393 3816 534 3897 regiones
564 3821 597 3880 et
625 3820 768 3879 naturam
790 3814 1014 3896 depingebant3
1043 3830 1145 3877 nonne
1174 3812 1281 3877 verisi-

123 3923 282 3989 millimum
316 3929 381 4002 est,
422 3921 552 4004 Λιβυκοὶ
591 3922 793 4003 descriptioni
824 3921 948 3986 Africae
985 3918 1128 3984 dedicata
1164 3917 1281 3984 fuisse?

123 4029 291 4094 Praeterea
323 4029 423 4094 multa
453 4033 579 4094 exstant
610 4029 711 4094 Jubac
743 4027 933 4108 fragmenta,
962 4025 995 4090 in
1026 4025 1139 4107 quibus
1169 4043 1279 4090 nomen
