2848 4636
573 281 859 382 *aa*

305 486 330 544 l.
354 479 469 562 Copiae
492 483 823 565 exponunturXXIX,
847 489 895 565 27,
920 491 956 550 13

299 591 327 651 2.
350 586 489 652 Proximi
513 589 622 652 tumuli
645 596 836 670 occupantur
856 592 897 655 ib.
920 597 968 674 28,
994 598 1006 656 i

299 699 326 758 3.
348 693 477 758 Postero
506 693 555 759 die
586 695 669 760 mille
701 698 823 778 equites
844 698 998 765 Hannone
1027 701 1106 768 duca
1134 702 1164 766 in
1189 706 1293 766 castra

347 801 489 869 Romana
508 802 679 868 incidentes
697 804 883 870 occiduntur

297 914 324 973 4.
349 909 451 989 Scipio
462 909 548 988 agris
559 914 691 975 vastatis
702 912 809 976 urbem
819 913 1293 996 maximameapitXXlX,29,2.

213 1016 328 1081 Earum
359 1021 465 1080 autem
494 1033 596 1079 rerum
629 1018 720 1098 ordo,
751 1036 828 1100 quas
850 1019 969 1100 XXIX,
1000 1023 1120 1084 34-35
1152 1021 1289 1102 legimus,

131 1140 273 1208 quaeque
295 1122 436 1186 nimirum
459 1127 530 1201 post
550 1139 601 1184 res
623 1122 714 1187 modo
735 1128 881 1186 narratas
903 1129 1010 1204 gestae
1038 1133 1127 1205 sunt,
1156 1127 1206 1192 hic
1226 1133 1291 1192 est:

297 1235 322 1292 1.
345 1229 448 1308 Scipio
478 1228 594 1292 stativa
624 1236 727 1294 castra
762 1229 801 1292 ad
831 1247 917 1294 mare
946 1248 1061 1310 paucos
1095 1233 1161 1296 dies
1195 1234 1292 1298 habet

347 1335 464 1416 XXIX,
487 1339 535 1415 34,
560 1339 587 1399 3.

295 1447 322 1506 2.
347 1443 449 1522 Scipio
473 1441 512 1506 ad
534 1441 655 1507 Uticam
678 1450 783 1508 castra
804 1443 962 1508 transfert.

296 1554 323 1616 3.
345 1549 500 1614 Proelium
529 1557 675 1630 equestre
703 1551 908 1616 committitur
936 1556 968 1615 et
988 1549 1085 1614 Poeni
1106 1549 1197 1616 simul
1217 1567 1287 1614 cum
1315 1629 1326 1648 ο

346 1657 423 1720 duce
444 1656 597 1720 Hannone
619 1656 855 1722 interficiuntur.

294 1771 322 1828 4,
347 1764 477 1830 Salaeca
499 1762 577 1828 urbe
591 1769 769 1846 expugnata
787 1764 827 1828 ad
847 1783 939 1844 agros
958 1763 1129 1828 vastandos
1153 1769 1288 1844 pergunt

344 1869 482 1936 Rotnani.

210 1979 320 2058 ltaque
342 1977 419 2041 urbe
448 1975 581 2040 maxima
608 1981 701 2057 capta
721 1975 836 2055 XXIX,
858 1981 906 2056 29,
929 1980 946 2040 2
975 1983 1079 2042 castra
1106 1995 1125 2040 a
1146 1975 1288 2056 Scipione

127 2085 167 2150 ad
190 2103 275 2150 mare
295 2084 397 2148 relata
418 2084 505 2148 suntt
554 2085 616 2148 Res
643 2084 782 2166 prolecto
812 2084 891 2148 satis
919 2091 998 2148 mira
1027 2089 1060 2148 et
1087 2083 1202 2162 stupidi
1232 2083 1287 2146 im·
1413 2139 1414 2142 ,

129 2191 295 2273 peratoris.
346 2190 404 2254 Sed
434 2190 491 2254 hoc
521 2191 627 2270 levius,
666 2191 740 2272 quid
773 2196 878 2255 autem
908 2191 1059 2269 dicamus,
1095 2191 1121 2254 si
1147 2190 1286 2270 legImuS,

128 2298 301 2380 Scipionem
339 2304 405 2362 tum
443 2298 554 2362 iterum
588 2297 768 2363 Hannonem
810 2298 964 2380 quendam
998 2296 1115 2379 proelio
1150 2297 1284 2376 equestri

127 2406 248 2493 vicisse,
272 2406 385 2469 iterum
406 2423 552 2484 magnam
572 2407 680 2470 urbem
702 2406 830 2485 cepisse,
854 2406 966 2470 iterum
989 2405 1028 2468 ad
1046 2423 1138 2484 agros
1160 2410 1286 2469 vastan-

127 2513 183 2576 dos
208 2510 380 2593 protectum
403 2529 480 2576 csse.
530 2511 600 2576 Huc
629 2512 762 2591 accedit,
792 2511 872 2594 quod
900 2531 938 2576 ex
967 2513 1034 2594 ipso
1062 2512 1148 2578 Livio
1170 2512 1285 2589 XXIX,

129 2625 178 2700 35,
194 2625 211 2682 2
226 2619 374 2697 videmus,
394 2618 473 2682 alios
493 2624 645 2696 auctores,
664 2637 740 2699 quos
755 2619 862 2683 Liuius
883 2620 1026 2699 inspexit,
1045 2637 1140 2684 unum
1162 2624 1283 2682 tantum

126 2726 276 2808 proelium
298 2730 442 2806 equestre
464 2742 618 2806 narrasse,
641 2731 673 2788 et
694 2725 815 2789 Livium
836 2726 936 2805 ipsum
960 2725 1087 2789 dubium
1110 2743 1187 2806 esse,
1212 2743 1284 2790 num

126 2852 215 2914 vera,
249 2851 288 2898 an
317 2831 397 2896 falsa
427 2830 603 2894 tradiderit.
652 2831 764 2911 ltaque
793 2850 849 2912 pro
878 2841 964 2896 certo
992 2830 1141 2896 affirmari
1168 2838 1283 2913 potest,
1411 2877 1412 2880 ,

124 2941 246 3006 Livium
268 2957 305 3004 ex
324 2938 454 3002 diversis
469 2937 608 3002 lontibus
629 2938 761 3002 eandem
781 2957 847 3002 rem
868 2939 915 3002 bis
937 2956 1116 3020 enarrasse3
1138 2939 1180 3020 id,
1202 2939 1284 3020 quod

124 3048 250 3128 saepius
270 3045 298 3112 ci
320 3045 442 3109 accidit.

207 3153 339 3216 Prorsus
360 3151 490 3215 aliaest
511 3149 592 3213 ratio
624 3151 817 3214 narrationis
841 3149 1020 3230 Appianeae
1046 3150 1127 3231 VIII,
1153 3156 1282 3215 lat—15.
1410 3199 1411 3246 3

125 3260 285 3341 Appianas
315 3259 414 3338 enim,
452 3257 499 3321 vel
533 3263 642 3320 auctor
670 3256 736 3336 eJ'us
767 3275 828 3320 non
868 3257 960 3322 modo
992 3257 1076 3322 nulla
1104 3260 1135 3321 in
1164 3277 1198 3324 re
1225 3259 1282 3324 sibi

123 3372 288 3448 repugnat,
310 3365 364 3430 sed
387 3365 481 3430 etiam
502 3363 617 3444 optime
636 3362 790 3427 eruditum
812 3381 846 3427 se
867 3365 1004 3444 praebet.

205 3473 329 3552 Itaque,
358 3473 384 3536 si
407 3471 465 3536 hoc
490 3471 653 3547 addidero,
675 3470 831 3533 Zonaram
851 3471 887 3534 P.
913 3476 937 3534 l.
960 3477 1020 3534 438
1043 3472 1070 3534 Α
1091 3472 1126 3535 B.
1148 3474 1281 3536 maxima
1409 3539 1410 3546 ,

123 3599 161 3645 ex
191 3587 282 3661 parte
310 3579 442 3659 Appiani
473 3579 683 3642 narrationem
711 3577 928 3657 comprobare,
963 3598 1068 3643 omnes
1102 3580 1281 3659 concedent,

123 3687 265 3768 Appiano
293 3685 437 3750 hocloco
460 3685 607 3766 majorem
630 3683 723 3747 fidem
751 3684 955 3750 adhibendam
984 3703 1053 3750 esse
1075 3703 1169 3766 quam
1191 3685 1280 3751 Livio

122 3799 154 3858 et
185 3813 241 3876 per
275 3792 360 3857 illum
391 3792 473 3858 hunc
507 3810 575 3856 esse
613 3791 835 3871 corrigendum.
892 3793 997 3856 Livius
1026 3792 1143 3874 XXIX,
1180 3797 1219 3856 34
1248 3799 1282 3858 et
1408 3767 1409 3840 j

121 3901 281 3982 Appianus
307 3905 343 3964 14
372 3900 418 3962 ita
447 3899 531 3962 inter
557 3916 591 3962 se
619 3898 812 3980 discrepant,
843 3900 956 3979 utqui
986 3899 1086 3964 obiter
1115 3907 1279 3982 utramque

121 4008 334 4074 narrationem
357 4005 504 4087 perlegit,
527 4005 616 4074 lacile
637 4005 758 4072 incidat
779 4006 811 4072 in
834 4006 1052 4088 suspicionem,
1083 4007 1122 4073 ab
1144 4014 1279 4090 utroque
1407 4043 1408 4076 a
