2848 4636
708 276 746 336 23

147 487 358 546 vocatosesse.
381 480 515 562 Appiani
528 479 739 544 narrationem
755 478 988 544 accuratissima
1003 497 1108 544 rerum
1117 478 1311 543 Punicarum·

147 589 354 668 descriptione
368 587 515 652 excellere
533 605 573 650 ne
591 604 660 652 eum
677 585 799 666 quidem
812 585 919 678 ingere
929 591 1044 666 potest,
1059 586 1112 666 qui
1123 585 1226 650 obiter
1236 602 1302 648 earn

145 696 288 776 perlegit.
335 696 434 772 Quum
449 693 489 758 ad
506 693 726 759 illustrandam
741 693 821 758 hanc
839 692 981 773 peritiam
999 693 1064 772 μοι
1080 711 1176 774 supra
1191 691 1237 774 (p.
1251 697 1305 767 14)

146 803 236 884 plura
250 801 480 882 protulerimus,
493 799 543 864 hic
559 815 660 880 panca
674 799 809 880 adjicere
824 794 910 863 libet.
946 799 981 862 ln
997 799 1172 864 nominibus
1180 799 1305 864 Punicis

145 909 312 986 afferendis
342 914 450 972 nostor
473 905 572 972 multo
603 907 706 970 minus
726 925 841 988 parcus
863 911 924 986 est,
950 924 1043 986 quam
1065 907 1180 970 caeteri
1202 924 1304 971 rerum

145 1018 327 1096 scriptores:
350 1014 387 1080 ei.
401 1033 426 1080 c.
442 1011 607 1078 14”Αννων
619 1010 831 1096 (ἴππαρχος);
854 1031 879 1077 c,
896 1017 933 1076 15
949 1011 1077 1094 Μάγων
1091 1010 1304 1096 (ἴππαρχος);

146 1143 172 1190 c.
194 1120 369 1187 24”Αννων
393 1121 582 1204 στρατηγός,
607 1121 832 1201 Βουμίλχαρος
853 1119 934 1201 υἱός
963 1138 989 1184 c.
1013 1125 1054 1184 34
1073 1118 1194 1184 ’Ἁννων
1223 1142 1258 1210 γε
1286 1121 1304 1182 δ

146 1236 259 1310 Μέγας
279 1231 333 1292 καὶ
355 1226 549 1310 Ἀσδρούβας
572 1229 590 1289 ὁ
611 1225 752 1310 Ἔριφος,
781 1228 854 1292 alia.
882 1263 920 1272 -
951 1228 1072 1292 Deinde
1102 1227 1186 1291 haud
1214 1227 1305 1292 facile

144 1336 354 1415 intellegitur,
382 1335 464 1400 unde
483 1341 633 1400 accurata
660 1334 857 1399 consiliorum
886 1341 1076 1399 secretorum
1098 1334 1304 1400 Hasdrubalis

144 1443 345 1508 etHannonis
360 1442 481 1520 notitia,
497 1460 592 1522 qnam
607 1442 639 1505 iu
654 1460 741 1522 capp.
752 1445 875 1505 29—30
889 1441 1156 1522 deprehendimus,
1169 1441 1304 1516 duxerit,

144 1550 204 1615 nisi
229 1569 268 1615 ex
294 1549 380 1614 fonte
409 1548 531 1614 Punico.
553 1583 593 1592 —
614 1547 698 1612 Idem
720 1549 805 1613 cadit
826 1549 856 1613 iu
881 1566 947 1628 cap.
970 1551 1019 1628 24,
1048 1549 1099 1613 ubi
1128 1567 1233 1612 rerum
1263 1547 1303 1612 ab

143 1655 341 1720 Hasdrubale
362 1661 522 1736 gestarum
544 1656 624 1718 mira
646 1655 760 1735 peritia
782 1657 929 1738 occurrit;
953 1656 1035 1720 unde
1057 1675 1086 1720 n.
1108 1674 1134 1720 c.
1157 1674 1304 1720 numeros

145 1763 305 1842 copiarum
333 1763 374 1826 ab
396 1762 594 1829 Hasdrubale
615 1762 724 1842 procul
746 1781 766 1826 a
789 1761 980 1840 Carthagine
1008 1761 1207 1826 collectarum
1237 1772 1301 1826 tam

145 1876 293 1936 accurate
320 1869 481 1950 comperit,
512 1870 698 1949 praesertim
727 1887 820 1949 quum
850 1870 1011 1950 Appianas
1039 1870 1106 1950 ipse
1137 1868 1250 1932 addat:
1284 1869 1304 1932 δ

144 1981 206 2058 μὲν
215 1977 253 2040 δὲ
269 1981 375 2040 ταῦτα
385 1979 488 2038 ποιῶν
497 1975 666 2056 Ῥωμαίους
677 1975 762 2058 ὁμοῦ
770 1976 824 2038 καὶ
833 1977 1072 2060 Καρχηδονίους
1081 1975 1256 2040 ἐλάνθανε.
1264 2013 1302 2021 -

145 2085 286 2164 Denique
301 2084 379 2148 satis
394 2083 595 2148 memorabile
614 2090 709 2162 caput
724 2089 771 2146 38.
789 2088 847 2163 est,
871 2084 923 2147 ubi
944 2083 981 2146 de
996 2085 1080 2147 exitu
1095 2083 1302 2148 Hasdrubalis

145 2191 292 2254 certiores
313 2191 419 2254 fimus:
447 2189 480 2254 ‘O
501 2191 539 2254 δὲ
562 2192 696 2272 ἔφθασε
715 2191 748 2262 ἐς
772 2191 831 2254 τδν
851 2193 911 2252 τοῦ
932 2189 1056 2270 πατρὸς
1077 2187 1185 2273 τάφον
1205 2213 1302 2253 κατα-

145 2296 255 2382 φυγιδν
280 2299 334 2362 καὶ
362 2296 524 2380 φαρμάκῳ
548 2295 804 2379 διαχρησάμενος
832 2295 959 2360 ἑαυτόν.
1010 2296 1052 2362 Oe‘
1079 2297 1117 2360 δὲ
1143 2297 1301 2360 κάκεϊδεν

146 2405 249 2468 αὐτοῦ
267 2407 325 2468 τδν
345 2413 439 2472 νέκυν
457 2403 621 2479 ἐξελόντες
641 2404 695 2466 καὶ
717 2403 779 2486 τήν
799 2403 944 2488 κεφαλήν
965 2403 1069 2466 αὐτοῦ
1079 2403 1302 2486 α’ποτεμόντες

149 2521 339 2593 περιέφερον
360 2513 416 2575 ἐπὶ
438 2511 574 2594 δόρατος
593 2510 660 2574 aad
679 2511 739 2594 adr
759 2508 864 2574 πόλιν.
913 2511 989 2588 Quis
1019 2529 1082 2574 nou
1112 2511 1195 2575 videt
1225 2511 1301 2574 haee

148 2635 210 2682 non
242 2617 301 2682 nisi
335 2637 372 2682 ex
405 2625 533 2684 auctore
566 2617 683 2698 optime
719 2618 757 2682 de
785 2617 881 2682 rebus
913 2619 1032 2699 punicis
1071 2618 1194 2682 erudito
1225 2619 1301 2682 oriri

144 2725 309 2804 potuisse?
356 2724 425 2790 Jarn
462 2744 536 2789 vero
565 2743 662 2805 supra
695 2743 734 2789 ex
763 2724 934 2790 Plutarcho
965 2725 1214 2789 demonstratum
1243 2731 1302 2804 est,

144 2832 257 2898 Jubarn
279 2837 405 2914 praeter
427 2832 543 2897 fontem
564 2832 764 2913 principalem
786 2833 868 2897 haud
889 2851 963 2898 raro
980 2833 1074 2897 etiam
1095 2832 1227 2913 libellos,
1253 2849 1300 2897 en.

143 2957 189 3018 gru
211 2938 423 3018 laudationes
450 2940 617 3017 orationes
638 2939 760 3018 similia,
781 2939 954 3021 inspexisse
976 2945 1070 3020 atque
1091 2958 1128 3002 ex
1149 2939 1186 3002 iis
1206 2957 1300 3020 saepe

130 3045 291 3110 'nonnulla
318 3045 491 3109 narrationi
520 3045 686 3110 addidisse.
733 3046 837 3123 Quid?
861 3047 944 3128 quod
975 3067 1014 3111 ne
1036 3046 1146 3110 horum
1174 3047 1300 3126 quidem

143 3153 277 3232 vestigia
300 3153 439 3232 Appiano
462 3152 596 3217 desunt?

225 3258 261 3322 ln
283 3277 351 3339 cap.
369 3263 407 3322 65
426 3257 577 3324 decausis
593 3259 730 3340 disserit,
752 3260 865 3340 quibus
884 3263 1055 3323 commotos
1071 3258 1172 3339 Scipio
1192 3277 1300 3338 pacem

142 3365 396 3430 a.201a.0hr.
423 3367 602 3430 conciliasse
622 3366 779 3447 videatur;
808 3384 870 3447 qua
897 3365 1058 3429 occasione
1084 3365 1159 3429 data
1187 3365 1300 3431 haecce

142 3473 181 3536 ex
211 3470 331 3536 Catone
363 3471 496 3552 profert:
531 3472 607 3537 Εἴσι
634 3475 694 3555 γάρ
722 3471 754 3536 οἳ
784 3474 838 3534 καὶ
865 3471 944 3534 τόδε
972 3476 1168 3552 νομίζουσιν,
1200 3471 1301 3536 αδτδν

142 3577 349 3662 (Scipionem)
384 3580 415 3652 ἐς
440 3579 605 3660 Ῥωμαίων
645 3580 876 3662 σωφρονισμὸν
900 3579 1059 3662 ἐθελῆσαι
1088 3585 1217 3659 γείτονα
1245 3582 1299 3642 καὶ

141 3685 326 3747 α’ντίπαλον
347 3683 457 3758 αὐτοῖς
478 3685 583 3768 φόβον
604 3687 636 3760 ἐς
657 3686 710 3748 αἐὶ
730 3686 933 3764 καταλιπεῖν,
954 3683 1008 3748 ἵνα
1027 3684 1156 3770 μήποτε
1176 3687 1300 3768 ἐξυβρί-

141 3808 233 3854 σειαν
256 3793 292 3854 ἐν
308 3797 442 3874 μεγέθει
455 3791 552 3876 τύχης
567 3794 621 3856 καὶ
639 3793 824 3876 α’μεριμνίᾳ.
867 3793 932 3856 Καὶ
945 3791 1022 3856 τόδε
1037 3788 1123 3856 οὕτω
1141 3796 1301 3876 φρονῆσαι

141 3901 309 3961 Σκιπίωνα
325 3898 366 3960 ου’
380 3899 467 3962 asold
489 3897 626 3981 ὕστερον
641 3901 752 3975 ἐξεῖπε
774 3900 938 3980 Ῥωμαίοις
951 3898 1070 3965 Κάτων
1091 3897 1300 3982 ἐπιπλήττων·

140 4007 411 4087 παρωξυμμίιοις
438 4007 523 4070 κατά
544 4005 663 4072 Ῥόδου.
714 4005 781 4085 Quo
802 4008 867 4072 loco
891 4013 999 4090 aperte
1017 4006 1060 4071 ad
1082 4005 1210 4072 Catonis
1230 4023 1298 4070 ora-
