2848 4636
710 337 751 399 20

585 421 873 440 ——·-—··——-·r-

149 543 189 607 de
211 539 322 622 qnib'us
345 538 522 620 quaerimus
542 556 623 602 nova
642 539 697 603 lux
715 538 857 604 ahertur.
899 539 1040 609 Soitan
1057 547 1137 610 enim
1157 544 1189 608 in
1206 545 1309 628 dispu-

148 648 281 726 tatione,
315 663 409 727 quam
437 645 477 711 de
506 644 645 710 fontibus
675 645 834 711 Plutarchi
863 647 895 712 io
924 649 1003 716 bello
1024 653 1144 733 punico
1171 653 1307 718 secundo

146 752 321 820 enarrando
343 751 671 834 (Diss.Bonn.1870]
691 753 837 833 instituit,
856 757 1049 836 argumentis
1071 759 1177 823 multis
1196 759 1307 824 firmis·
1327 808 1331 814 .

145 879 207 942 que
235 859 340 940 evicit,
376 859 461 924 vitae
490 856 630 923 Marcelli
659 877 803 939 magnam
831 867 953 940 partem
981 881 1018 927 ex
1047 864 1148 929 Juhae
1176 865 1306 930 historia
1412 839 1414 864 ¹

145 969 287 1033 Romana
304 972 407 1032 ortam
424 983 506 1030 esse.
546 964 614 1042 Qua
636 983 671 1029 re
693 966 754 1030 nisi
769 965 859 1047 plura
873 974 906 1032 et
928 986 965 1032 ea
985 971 1122 1036 certiora
1135 971 1173 1036 de
1190 979 1305 1038 natura

145 1082 177 1139 et
198 1075 302 1140 indole
324 1071 426 1154 operis
446 1071 547 1136 Jubae
569 1070 710 1152 prolerre
739 1089 913 1153 possumus.
954 1075 998 1139 Ac
1019 1078 1154 1157 primum
1178 1079 1304 1160 quidem

144 1200 251 1249 eorum
283 1178 439 1245 sententia
469 1197 551 1243 nunc
577 1177 666 1243 facile
687 1177 856 1258 refutatur,
890 1181 943 1260 qni
967 1185 1159 1264 censuerint,
1189 1186 1209 1250 J
1213 1187 1303 1251 ubam

145 1286 368 1369 antiquissimis
390 1289 514 1351 tantum
537 1283 728 1366 temporibus
750 1283 915 1364 diligenter
938 1286 1149 1353 describendis
1175 1310 1302 1370 operam

87 1401 89 1408 '
142 1396 279 1475 dedisse,
313 1393 490 1475 posteriora
527 1398 633 1456 antem
665 1391 845 1456 brevissime
881 1392 1050 1458 absolvisse
1082 1393 1150 1478 ici.
1187 1395 1300 1460 Mdller
1356 1409 1359 1416 ·

141 1504 162 1568 l.
192 1521 217 1567 c.
249 1521 279 1583 p.
308 1499 395 1583 466).
445 1499 659 1566 Defenderunt
696 1499 776 1563 hanc
812 1501 996 1565 sententiam
1026 1501 1084 1566 viri
1115 1501 1195 1567 docti
1213 1553 1215 1558 ,
1233 1503 1299 1568 loco

142 1609 277 1691 quodam
296 1595 299 1602 ’
317 1607 469 1689 Stephani
509 1606 672 1688 Byzantii,
722 1606 776 1686 qui
789 1593 844 1671 ⁴·s.
886 1627 913 1672 v.
963 1614 1154 1690 Nouooera‘
1186 1588 1324 1696 haecce¹

142 1717 251 1782 habet:
271 1715 375 1798 Ἰόβας
389 1717 424 1778 ἐν
436 1716 575 1795 δευτέρῳ
590 1712 859 1796 apparaturam.
903 1714 1003 1794 Quum
1017 1723 1122 1780 autent
1132 1735 1151 1780 a
1161 1716 1313 1782 Soltavio·

141 1815 389 1890 demonstratum
409 1822 465 1887 sit.
485 1820 599 1884 anam
620 1819 701 1884 bello
724 1819 839 1885 Punico
863 1821 998 1886 secundo
1018 1827 1163 1890 accurate
1185 1821 1300 1906 descri-

139 1931 245 1998 bendo
267 1947 392 2012 operam
424 1928 564 2006 dedisse,
591 1945 647 2008 per
674 1945 708 1992 se
733 1934 838 2010 patet,
868 1928 907 1993 de
928 1930 1024 1994 rebus
1045 1929 1245 1994 Numantinis
1267 1931 1298 1994 in

139 2040 239 2103 altero
261 2037 340 2102 libro
362 2053 533 2100 sermonem
555 2052 616 2098 non
638 2033 749 2116 fuisse3
779 2036 871 2100 immo
900 2036 969 2100 luce
995 2036 1111 2101 clarius
1135 2043 1197 2117 est,
1227 2037 1298 2103 libri

84 2199 86 2204 .
138 2157 298 2212 numerum
326 2160 491 2225 perperam
520 2159 588 2206 esse
618 2141 784 2218 traditum,
812 2142 844 2206 id
872 2143 954 2224 quod
983 2139 1153 2208 sexcenties
1180 2144 1298 2210 factum

137 2253 260 2318 scimus.
302 2250 410 2331 Neque
438 2248 571 2313 alterum
592 2248 674 2330 quod
696 2248 736 2312 ab
766 2248 826 2314 illis
854 2251 893 2314 ad
921 2250 1108 2315 sententiam
1131 2251 1299 2316 defenden-
1412 2315 1413 2338 ξ

138 2361 209 2424 darn
234 2362 453 2439 argumentum
481 2355 641 2436 profertur
668 2355 761 2421 ullius
789 2358 937 2422 momenti
958 2362 1017 2423 est.
1063 2358 1178 2423 Dicunt
1204 2359 1297 2441 enim,
1412 2344 1413 2368 ¹

135 2466 202 2554 ¹iore
223 2464 327 2529 omnia
347 2463 537 2544 fragmenta,
567 2480 645 2544 quae
674 2468 814 2542 exstent,
839 2463 880 2533 ad
908 2464 1127 2546 antiquissima
1156 2472 1296 2546 tempora
1411 2547 1412 2550 Ἴ

136 2580 289 2654 spectare.
333 2570 420 2648 Quod
443 2569 657 2635 concesserim.
700 2569 815 2634 Verum
839 2571 907 2651 quis
929 2570 1043 2652 nescit,
1068 2572 1236 2654 scriptores
1258 2573 1297 2637 iis

135 2680 331 2761 potissimum
349 2678 423 2742 locis
445 2675 485 2740 ad
507 2681 648 2742 auctores
673 2693 747 2740 suos
768 2694 947 2757 provocare,
977 2677 1089 2757 quibus
1110 2697 1161 2748 res
1183 2679 1307 2744 dubias.
1409 2685 1410 2690 ’

135 2787 280 2868 tradunt3
302 2784 384 2866 quod
405 2783 549 2847 nimirum
571 2781 667 2846 multo
683 2782 805 2864 saepius
824 2783 1058 2864 antiquissimis,
1080 2801 1172 2864 quarn
1191 2803 1296 2850 reten-

135 2893 265 2958 tioribus
287 2890 477 2971 temporibus
499 2889 661 2969 contingit.
722 2935 723 2940 .
1410 2877 1411 2906 ³

218 2999 288 3065 lam
310 3016 382 3062 vero
405 2997 443 3061 de
463 2996 616 3078 lontibuS,
641 3013 719 3076 quos
740 2994 823 3060 Juba
853 2996 885 3059 in
917 3015 1007 3061 nsum
1030 2999 1185 3062 vocaverit
1206 3003 1238 3062 et
1257 2997 1295 3062 de

136 3108 271 3185 ratione,
299 3123 391 3187 quam
412 3105 446 3168 in
474 3104 621 3168 rnernoria
652 3103 812 3167 condenda
833 3111 957 3167 secutus
981 3104 1021 3167 sit
1050 3105 1201 3168 nonnulla
1221 3121 1293 3184 pro-

134 3213 215 3286 ferre
242 3212 322 3276 licet.
365 3210 409 3276 he
435 3210 568 3290 primum
595 3217 719 3274 constat
748 3208 801 3291 (ci.
824 3208 983 3290 Kiessling
1007 3210 1086 3276 Mus.
1116 3211 1213 3276 Rhen.
1243 3215 1292 3290 23,

138 3323 227 3384 1868,
238 3337 269 3400 p.
279 3317 555 3399 di2linterlubae
568 3313 669 3380 fontes
677 3316 860 3396 Dionysium
868 3316 1177 3384 Halicarnassensem
1188 3317 1291 3382 fuisse.

135 3426 254 3490 Deinde
276 3442 332 3508 per
353 3426 546 3488 ammianum
568 3422 780 3488 Marcellinum
802 3423 871 3505 XX,
892 3429 929 3487 15
952 3425 1125 3508 scimusq-
1147 3427 1229 3507 quod
1252 3425 1292 3490 ad

47 3519 49 3524 ¹
133 3541 275 3598 nostrum
298 3531 391 3596 finem
412 3523 657 3613 persequendum
670 3528 756 3593 haud
777 3531 866 3610 parvi
888 3532 1034 3596 momenti
1056 3538 1105 3598 est
1121 3569 1160 3580 —-
1174 3532 1195 3597 J
1198 3533 1290 3596 ubam

132 3640 229 3706 libros
249 3639 383 3705 Punicos
406 3638 593 3712 adhibuisse.
645 3635 689 3700 cf.
714 3637 851 3701 Goorlitz
878 3657 908 3718 p.
932 3643 968 3702 17
988 3656 1054 3719 sqq.
1075 3726 1077 3730 ι
1098 3639 1238 3719 Denique
1259 3639 1290 3702 id

133 3788 424 3804 -—-—--—-—

200 3874 230 3942 *)
256 3869 333 3937 erod
360 3868 394 3924 ad
419 3884 517 3922 nomen
537 3868 717 3938 dqpaooioytur
740 3870 796 3938 jam
820 3869 957 3938 Klappius
983 3869 1001 3924 l.
1023 3885 1045 3924 c.
1089 3869 1290 3940 demonstravit,

132 3983 213 4021 unum
232 3973 337 4020 tantum
362 3964 459 4018 librum
478 3961 616 4032 Stephano
635 3971 726 4018 notum
754 3964 853 4027 tuisse,
876 3977 956 4031 quem
981 3977 1002 4015 s.
1028 3977 1068 4017 vv.
1090 3964 1244 4035 Ἀβοριγῖνες
1263 3971 1292 4021 et

130 4059 220 4112 izoem
239 4059 346 4113 nomine
365 4061 474 4129 ἱστορία,
494 4073 515 4112 s.
534 4075 557 4114 v.
576 4059 712 4119 Νομαντία
731 4057 837 4110 nomine
856 4055 1021 4124 ἅρχαιολογία
1040 4055 1181 4126 significat.
