2848 4636
572 307 858 403 ..Al-

137 517 224 574 certa
237 510 370 590 vestigia
393 508 448 593 (ei.
466 529 495 574 v.
516 528 543 575 c.
564 508 707 593 (δάφνη)
727 510 766 592 ἢν
781 509 835 574 οἷεὶ
847 509 994 593 Ῥωμαῖοι
1014 515 1198 593 νομίζουσιν
1212 515 1299 596 νίκης

139 615 305 697 σύμβολον
325 616 471 700 similia),
500 615 558 681 hoc
577 617 717 681 maxime
731 618 842 682 mirum
864 623 927 699 est,
955 617 1037 699 quod
1063 618 1148 684 locus
1171 618 1303 700 quidam

138 723 171 786 in
188 721 241 786 illo
257 723 360 804 capite
375 707 489 804 exstat,
511 723 565 804 qui
585 722 790 808 Ὀμοιόιητας
811 724 901 790 nobis
913 725 950 790 'in
964 725 1144 789 memoriam
1156 730 1297 790 revocat:

138 829 248 894 Aaron
268 830 297 892 δ’
316 830 469 914 ἡγοῦνται
489 833 549 893 τοῦ
569 829 751 914 στρατηγοῦ
780 832 955 916 ῥαβδοῦχοι
980 835 1141 914 φοινικοῦς
1160 833 1297 912 χιτῶνας

140 935 353 1011 ἐνδεδυκότας
374 938 429 1000 καὶ
448 937 547 1019 χοροῖς
559 941 761 1019 κιθαριστῶν
782 939 890 1001 τεκαὶ
910 941 1100 1018 νιτυρισιοῖν
1121 939 1161 1012 ἐς
1180 936 1298 1028 μιμή-

139 1063 250 1124 μαιοι
274 1043 533 1128 Τυρρηνικῆς
554 1047 692 1128 πομπῆς
713 1048 962 1126 περιεζωσμένοι
987 1068 1024 1107 τε
1051 1045 1107 1108 καὶ
1127 1042 1297 1129 στεφάνην

139 1153 262 1235 χρυσῆν
290 1151 496 1233 ἐπικείμενοι·
525 1149 592 1214 κτλ.
641 1153 744 1232 Atque
772 1151 803 1215 iu
833 1151 941 1216 eodem
969 1150 1070 1232 capite
1103 1152 1193 1216 alius
1210 1153 1297 1228 locus

140 1255 243 1322 Jubae
270 1256 353 1321 haud
382 1258 482 1322 miuus
512 1259 656 1338 proprius
689 1257 863 1336 invenitur3
899 1274 994 1338 quum
1031 1258 1111 1322 enim
1147 1277 1184 1323 ex
1213 1259 1295 1324 Plut.

140 1363 242 1438 Numa
264 1363 355 1444 13**)
377 1370 508 1444 constet,
530 1364 643 1429 Jubam
661 1365 825 1432 verborum
842 1364 1008 1428 latinorum
1025 1365 1175 1445 originem
1191 1365 1299 1446 lingua

141 1487 254 1550 graeca
281 1469 425 1534 adhibita
450 1471 607 1551 explicare
635 1471 761 1536 solitum
788 1469 883 1535 luisse
910 1469 990 1534 satis
1017 1472 1216 1536 memorabile
1237 1477 1297 1551 est,
1374 1491 1376 1498 ’

141 1575 233 1657 οοοσ
252 1577 334 1658 apud
363 1579 443 1658 App.
466 1581 515 1642 66.
548 1577 707 1658 ludionum
735 1595 846 1642 nomeu
875 1576 933 1642 bac
961 1577 1083 1642 ratione
1112 1561 1310 1660 explicatur:-

141 1681 273 1757 Λυδούς
291 1683 411 1758 adtolle
422 1683 585 1763 καλοῦσιν,
606 1681 654 1747 ὅτι
669 1675 794 1768 (οἶμαι)
807 1683 957 1768 ννῤῥηνοὶ
971 1684 1093 1748 Λυδῶν
1107 1680 1248 1749 ἄποικοι.
1260 1722 1297 1732 -

130 1789 287 1855 ‘Feliciter
308 1796 416 1855 autem
439 1790 566 1872 accidit,
588 1789 669 1872 quod
691 1775 774 1855 Plut.
798 1791 895 1857 Marc.
917 1793 956 1854 22
978 1810 1017 1855 ex
1039 1787 1123 1856 Juba
1146 1792 1299 1856 orationis

142 1897 308 1979 descriptio
331 1907 458 1961 servata
480 1903 544 1978 εει,
563 1917 600 1963 ex
614 1915 682 1978 qua*
696 1916 732 1961 re
745 1898 969 1978 cognoscimus
990 1895 1106 1963 Jubam
1126 1897 1165 1962 de
1181 1898 1310 1962 minore¹

140 2003 289 2086 triumphi
309 2003 408 2069 forma
429 1999 594 2084 diligenter
617 2005 755 2084 sciteque
771 1989 970 2085 disseruissc;
993 2023 1095 2068 nonne
1115 2004 1300 2084 verisimilli-
1314 2007 1318 2084 fi

141 2105 224 2177 mum
243 2122 302 2192 est,
323 2111 453 2176 eundem
468 2111 562 2178 etiam
579 2110 617 2176 de
638 2112 755 2193 majore
769 2110 869 2176 lomna
884 2111 1043 2176 occasione
1058 2111 1134 2176 data
1149 2111 1298 2176 nonnulla

141 2217 333 2301 protulisse?

227 2325 313 2402 Quae
344 2343 440 2406 quum
462 2324 508 2388 ita
539 2324 617 2404 sint,
648 2325 710 2405 pro'
735 2328 820 2396 certo
850 2321 1008 2387 affirmare
1036 2322 1137 2400 licet,
1157 2321 1178 2388 J
1186 2323 1301 2408 ubam¹

146 2430 738 2512 Appianiauctoremluissc.-
826 2429 829 2436 ’
1160 2445 1165 2452 ·
1302 2421 1304 2430 ’
1348 2509 1351 2516 ,

228 2536 299 2612 Jam
327 2537 479 2618 reliquum
513 2543 577 2616 cst,
615 2541 651 2601 ul
687 2535 835 2617 exemplis
873 2534 1004 2616 prolatis
1042 2535 1300 2618 demonstremus,

146 2643 279 2724 Appiani
300 2651 453 2708 auctorem
476 2644 543 2708 sine
565 2644 702 2725 partium
732 2643 845 2707 studiis
877 2659 927 2706 res
950 2643 1105 2707 &manas
1129 2643 1302 2720 rettulissm

144 2767 237 2832 quam
261 2768 325 2814 rem
347 2751 393 2815 ita
411 2753 618 2830 instituemus,
639 2755 675 2816 ut
695 2749 809 2814 collato
823 2749 912 2814 Livio
928 2755 961 2814 et
974 2743 1103 2831 Polybio
1114 2751 1300 2830 evincamus,

144 2853 318 2940 Appianum
338 2859 423 2924 baud
442 2878 513 2923 raro
538 2857 669 2939 propius
686 2858 725 2921 ad
743 2874 846 2921 uerum
864 2855 1011 2921 accedere
1037 2875 1128 2938 quam
1145 2857 1211 2922 hos.
1256 2859 1302 2922 De

143 2966 251 3047 primis
266 2967 360 3031 rebus
375 2967 406 3030 iu
419 2963 561 3030 'Africae
579 2965 721 3046 Scipione
742 2965 840 3045 gestis
853 2964 933 3028 duae
947 2971 1072 3029 exstant
1086 2965 1299 3030 narrationes:

143 3073 210 3137 Liv.
232 3073 348 3152 XXIX,
369 3077 418 3150 28,
442 3076 571 3151 10-29‚
589 3078 621 3152 43
642 3072 683 3136 ib.
706 3076 827 3136 ἔνι-35
850 3079 883 3134 et
903 3072 980 3152 App.
1003 3071 1071 3135 Lib.
1097 3076 1226 3135 14-15.
1269 3071 1304 3137 Si

143 3181 385 3262 perversitatem
406 3180 597 3244 narrationis
613 3179 762 3243 Livianae
776 3182 869 3243 'recle
892 3179 1066 3270 perspicere
1089 3177 1146 3258 vis,
1168 3167 1307 3243 animum

91 3281 95 3288 ’
143 3292 249 3351 vertas
266 3287 297 3350 in
313 3291 487 3368 temporum
502 3287 666 3368 rationem,
679 3305 771 3368 quam
780 3282 886 3351 Livius
903 3285 1078 3367 proposuit3
1102 3303 1203 3350 rerum
1221 3284 1301 3350 enim
1376 3281 1378 3286 ’

144 3398 305 3472 gestarum
327 3393 418 3474 ordo,
440 3412 534 3475 quem
551 3395 618 3459 Liv.
632 3394 748 3474 XXIX,
764 3397 812 3474 28,
836 3397 964 3473 10-29‚
980 3397 1000 3456 4
1019 3392 1160 3474 praebet,
1180 3391 1230 3456 hic
1245 3399 1303 3456 est.

76 3681 79 3687 ¹
144 3656 243 3726 aliquis
255 3656 406 3728 concludat,
425 3656 692 3727 ScipionisAlricani
712 3649 877 3726 ¹triumphum
896 3672 921 3711 a
942 3655 1001 3711 201.
1015 3671 1040 3710 a.
1052 3654 1114 3710 Chr.
1132 3653 1304 3721 celebratum,

144 3765 198 3805 non
223 3754 315 3805 autem
337 3750 450 3806 formam
473 3751 603 3822 triumphi
625 3752 654 3806 in
677 3750 831 3806 universum
854 3748 979 3805 describi
1026 3747 1082 3805 Sed
1108 3748 1201 3803 rerba:
1229 3745 1304 3797 mli

144 3845 248 3912 τρόπος,
271 3833 291 3914 ᾧ
315 3843 420 3896 octobr
444 3845 569 3916 χρώμενοι
592 3842 749 3898 διατελοῦσιν
773 3847 829 3897 ἐστι
851 3831 947 3895 τοιόσδε
974 3842 1041 3897 satis
1064 3847 1159 3912 aperte
1183 3825 1304 3894 naturam

144 3935 231 3990 nostri
249 3934 304 3992 loci
322 3935 450 3994 indicant.
645 3983 647 3988 .

169 4053 172 4058 ¹
216 4030 262 4098 ”J
280 4029 353 4086 Plut.
371 4031 389 4086 l.
409 4049 434 4087 c.
450 4033 532 4095 Ἰόβας
552 4061 583 4072 -·
600 4033 744 4096 γλιχόμενος
762 4026 914 4098 &beliardem
929 4029 1047 4108 ιοῦνομιι.
