2848 4636
667 247 707 308 34

105 442 175 507 aliis
202 461 326 525 quoquc
352 444 426 510 locis
455 445 550 512 Dioni
577 443 783 516 fundamento
812 450 910 516 luisse
935 451 1068 529 scimus;
1101 457 1139 523 cf.
1162 460 1276 532 Nissen

105 551 246 628 Quaestt.
282 551 349 616 Liv.
379 571 408 634 p.
441 557 510 619 309.
559 555 1276 642 11111111111111111111111111111111-

104 664 230 741 sumpta
267 665 341 723 suut
379 662 412 724 et
448 667 618 742 propterea
656 663 701 727 nil
737 663 851 746 refert,
891 683 967 730 num
1004 687 1109 736 eurum
1149 677 1275 744 uomina

105 784 328 848 cognoscamus
350 786 455 834 necne.

670 1051 702 1116 2.

183 1213 270 1290 Quae
299 1231 393 1294 quum
417 1213 463 1277 ita
491 1215 571 1294 sint,
600 1232 706 1278 omnes
736 1214 954 1299 difficultates,
987 1237 1068 1300 quae
1090 1219 1266 1304 disquisitio

98 1320 232 1385 fontium
261 1319 370 1385 Dionis
396 1319 556 1402 hucusque
584 1321 746 1404 praebuit,
786 1323 877 1389 facile
906 1323 1088 1408 solvuntur,
1120 1331 1205 1408 quod
1231 1333 1264 1396 in

98 1427 232 1507 singulis
253 1427 482 1509 perlustrandis
504 1427 798 1494 demonstrabimus.

179 1533 274 1615 Apud
304 1535 378 1599 Zon.
408 1533 443 1600 P.
474 1541 500 1598 l.
531 1539 592 1599 436
621 1535 658 1598 de
695 1535 900 1602 Massinissac
932 1538 1106 1605 defectione
1131 1541 1171 1606 ad
1200 1543 1260 1606 Ro·

96 1659 207 1706 manos
230 1640 373 1723 legimus
395 1661 525 1723 quorum
543 1642 707 1707 verborum
729 1642 845 1706 iontem
859 1645 889 1707 in
902 1645 1259 1728 incertorelinquann.-

99 1747 278 1828 Sequuntur
305 1747 379 1812 Zeu.
400 1748 434 1812 P.
460 1752 486 1812 l.
515 1753 575 1814 436
603 1749 642 1814 Ι).
664 1753 725 1812 437
748 1748 782 1813 C.
812 1767 862 1813 res
884 1756 992 1830 gestae
1013 1751 1165 1833 Scipionis
1190 1755 1264 1818 amni

97 1859 155 1919 205
186 1873 215 1918 a.
238 1853 328 1934 Chr.,
356 1854 470 1934 quibus
498 1855 529 1918 in
559 1855 652 1920 rebus
682 1854 849 1918 narrandis
870 1853 979 1921 Livius
1006 1865 1176 1940 usurpatus
1205 1865 1263 1940 est,

95 1963 133 2026 cl.
152 1961 296 2040 XXVIII,
318 1965 458 2042 45-463
484 1961 599 2039 XXIX,
624 1967 650 2041 1,
673 1966 788 2042 1-183
821 1960 861 2024 ib.
884 1965 981 2042 3—43
1013 1963 1054 2026 ib.
1077 1971 1131 2045 13,
1155 1971 1190 2047 23
1219 1965 1260 2030 ib.

95 2071 144 2150 22,
171 2072 218 2132 12.
241 2101 281 2112 -
302 2066 433 2148 Deinde,
457 2085 537 2148 quae
551 2066 590 2130 de
602 2066 788 2132 Massinissa
799 2067 888 2131 initio
910 2067 1022 2149 capitis
1044 2073 1091 2132 12.
1112 2069 1263 2149 leguntur

94 2177 160 2240 slue
189 2174 281 2239 dubio
309 2193 326 2238 e
353 2173 436 2239 Iuba
462 2179 532 2239 orta
566 2178 656 2254 sunt,
689 2173 727 2238 ci.
758 2175 838 2256 App.
865 2177 911 2238 13.
943 2173 1064 2240 Verba:
1097 2177 1260 2254 ,desinon

93 2282 397 2364 (CartbaginIenses)
425 2281 483 2344 τὸν
510 2279 650 2364 §duona
680 2281 740 2364 τήν
771 2281 875 2365 ἀρχὴν
910 2281 1002 2362 αὐτῷ
1029 2281 1260 2366 (Massinissae)

92 2391 297 2454 arrodantur
335 2389 497 2470 Appianas
534 2407 598 2452 non
635 2388 739 2452 habet.
777 2423 818 2435 -
867 2389 999 2468 Legatio
1033 2389 1182 2471 Syphacis
1218 2390 1259 2455 ad

93 2497 267 2578 Scipionem
295 2501 328 2560 et
359 2494 511 2577 Scipionis
541 2495 693 2559 transitus
724 2495 754 2558 iu
777 2494 913 2560 Africam
941 2496 1070 2562 cLivio
1092 2496 1257 2578 desumpta

92 2609 180 2685 sunt;
211 2601 248 2668 ci.
268 2601 383 2680 XXIX,
406 2605 537 2666 24—28.
573 2637 599 2646 -
642 2602 705 2666 Res
731 2608 836 2667 autem
862 2603 963 2685 primu
992 2621 1076 2668 auno
1098 2603 1130 2667 in
1151 2603 1256 2670 Africa

90 2716 215 2791 gestae:
236 2709 313 2774 Zun.
334 2709 368 2773 P.
395 2714 420 2770 1.
444 2708 514 2772 438.
539 2706 625 2772 Cass.
649 2708 716 2773 Dio.
739 2707 777 2773 fr.
799 2713 849 2790 57,
869 2713 999 2775 64-70.
1020 2709 1104 2776 Iuba
1126 2715 1254 2776 auctore

89 2821 278 2896 narrantur,
300 2814 338 2879 cf.
358 2815 437 2896 App.
464 2821 513 2878 14.
554 2815 686 2880 Dionem
706 2816 739 2878 in
759 2815 806 2880 his
828 2815 920 2882 rebus
942 2816 1108 2882 narrandis
1131 2817 1251 2882 aLiviu

89 2921 204 3005 XXIX,
228 2927 277 3005 28,
301 2927 432 3003 10-29,
453 2926 488 3004 63
523 2922 562 2987 ib.
593 2927 723 2986 34—35.
751 2924 917 2988 recessisse
953 2939 1047 3003 quum
1082 2942 1119 2988 ex
1148 2923 1252 2989 mulus

90 3031 160 3094 aliis
183 3035 248 3096 tum
268 3049 306 3094 ex
325 3048 362 3094 eu
383 3034 527 3111 apparet,
555 3030 637 3111 quod
658 3029 861 3111 Hannonem,
892 3030 1032 3111 equiturn
1052 3030 1254 3111 praefectum,

89 3137 293 3202 Hasdrubalis
325 3137 472 3218 Gisgonis
509 3135 604 3201 filium
643 3137 796 3216 nominat,
838 3153 935 3217 quum
971 3135 1036 3200 Liu.
1064 3137 1180 3218 XXIX,
1204 3141 1253 3202 34.

89 3244 277 3310 Hamilcaris
298 3243 395 3310 filium
418 3243 564 3326 appellet.
581 3279 618 3290 -
642 3243 803 3324 Appianus
824 3261 924 3325 neque
944 3241 1023 3310 haec
1042 3243 1152 3308 habet:
1175 3243 1193 3306 ὁ
1215 3244 1254 3307 dl

89 3350 207 3435 Σύφαξ
228 3356 284 3435 τῆς
305 3352 387 3432 πρὸς
405 3350 576 3432 Ῥωμαίους
597 3349 705 3433 φιλίας
719 3350 875 3414 ἀπειπών
892 3353 1038 3433 φανερῶς
1050 3353 1255 3432 τοῑςΚαρχη-

89 3458 206 3532 doulon
241 3457 419 3543 συνήρατο,
462 3475 564 3538 neque
598 3455 711 3538 tradit,
750 3455 922 3538 Syphacem
957 3461 990 3521 et
1021 3456 1252 3522 Hasdrubalem

89 3565 202 3634 Uticae
226 3565 414 3630 obsidionem
434 3564 562 3630 solvisse
583 3563 621 3628 ir.
643 3569 692 3646 57,
716 3568 770 3645 693
797 3561 880 3644 qued
902 3580 964 3628 non
986 3563 1095 3628 mimm
1117 3561 1249 3642 videtur,

89 3675 163 3756 quia
184 3671 270 3753 apud
291 3673 467 3754 Appianum
485 3674 568 3736 inter
589 3689 677 3752 capp.
702 3673 748 3734 16.
771 3675 803 3735 et
826 3674 872 3734 17.
901 3670 1012 3736 lacuna
1034 3672 1154 3749 exstat,
1189 3684 1250 3748 qua

89 3786 122 3845 et
143 3778 223 3844 aliae
243 3795 294 3843 res
317 3784 349 3843 et
371 3779 479 3842 hiemis
502 3777 754 3843 commemoratio
777 3776 957 3842 exciderunt
978 3772 1014 3840 ci.
1034 3793 1065 3856 p.
1088 3779 1137 3839 59.
1179 3773 1251 3838 Iam

88 3903 183 3967 supra
220 3890 324 3950 autem
359 3883 653 3964 demonstrauimus,
689 3883 868 3964 Appianum
903 3880 1097 3961 negligenter
1132 3879 1251 3946 iontem

89 3993 236 4073 reddere,
264 3992 442 4071 ubicunque
470 4009 539 4054 enm
566 3991 598 4054 in
628 3990 846 4071 compendIum
873 3987 1045 4069 redegerim
1072 4005 1134 4069 qua
1155 3989 1193 4054 de
1214 4005 1250 4054 re
