2848 4636
728 288 760 347 ll

599 371 888 384 m

161 489 348 571 sumpsissc3
384 487 541 568 equibus
568 488 702 569 Appiani
730 503 859 568 graecus
888 492 998 552 auctor
1026 505 1063 552 11
1092 505 1154 552 non
1183 486 1324 552 hausisse

160 595 320 678 putandus
356 598 414 660 est.
464 593 511 658 Ex
546 594 613 675 ipso
638 594 726 660 Livio
756 593 810 658 illa
843 598 947 658 autem
981 612 1042 658 non
1080 600 1151 659 orta
1184 611 1251 658 csse
1287 612 1324 658 eo

117 774 120 781 ¹
161 702 326 785 probatur,
348 700 434 782 quod
454 719 515 767 nun
539 717 668 781 prorsus
688 700 798 765 eadem
820 699 860 764 'ab
883 705 1015 781 utroque
1036 699 1215 766 referuntur
1223 700 1261 781 *).
1285 734 1324 744 -

242 808 384 890 Denique
404 807 466 872 alia
485 825 521 872 rc
541 811 652 872 auctor
676 806 811 888 Appiani
841 814 939 871 semet
964 806 1065 888 ipsum
1096 807 1186 888 quasi
1209 805 1323 886 prodit.

163 914 222 992 Qui
249 915 332 980 enim
358 913 410 993 fit,
442 919 478 978 ut
503 913 654 979 Numidas
683 930 852 994 eorumque
882 930 984 977 mores
1012 913 1156 978 laudibus
1185 911 1325 991 extollat,

162 1020 220 1086 nisi
239 1019 386 1102 quoniam
407 1037 495 1084 amor
516 1022 639 1100 patriae
662 1019 701 1084 ad
720 1019 913 1084 laudandum
934 1037 1004 1087 eum
1026 1019 1165 1101 impulit:
1196 1037 1260 1099 cap.
1286 1022 1325 1082 10

162 1127 370 1192 Marcoman
387 1125 416 1190 d
428 1116 474 1189 αιῗ
493 1135 600 1209 γένους
620 1126 759 1208 άλκίμου
785 1130 864 1201 παῖς
888 1115 930 1209 ἦν
958 1128 1017 1190 τοῦ
1045 1126 1201 1208 βασιλέως
1223 1131 1323 1190 Μασ-

163 1232 338 1316 σανάσσης.
365 1268 407 1280 -
445 1251 471 1298 c.
496 1238 542 1300 ll.
558 1229 672 1298 Ἴσασι
698 1233 735 1296 δὲ
763 1234 818 1296 καὶ
848 1231 942 1314 λιμὸν
973 1241 1082 1316 φέρειν
1113 1231 1146 1296 οἱ
1170 1231 1324 1314 Νομάδες

161 1337 229 1404 οἵδε
241 1341 296 1404 καὶ
310 1339 380 1424 πόᾳ
395 1343 542 1424 χρῆσθαι
561 1340 637 1404 dart
659 1345 752 1406 σίτου
773 1341 828 1402 καὶ
848 1340 886 1402 cd
907 1337 1055 1420 πάμπαν
1074 1339 1322 1421 ὑδροποτοῦσιν.

160 1448 311 1512 Fortasse
339 1447 451 1528 aliquis
480 1446 539 1512 has
567 1447 675 1512 laudes
708 1447 749 1510 ad
787 1445 1011 1527 explorandum
1049 1445 1166 1510 iontem
1195 1445 1322 1510 minoris

160 1555 307 1621 momenti
328 1558 469 1634 censeat,
490 1553 546 1618 sed
568 1555 595 1618 is
617 1554 765 1634 respiciat
784 1571 900 1634 quaeso
918 1557 1115 1616 caeterorum
1137 1552 1321 1634 scriptorum

161 1660 201 1725 de
221 1659 363 1724 Numidis
381 1658 517 1740 judicia,
549 1659 721 1739 exquibus
743 1665 892 1742 apparet,
921 1676 1013 1740 quam
1039 1658 1119 1722 male
1147 1658 1322 1724 audiverint

159 1767 243 1831 inter
271 1765 404 1848 reliquas
435 1771 544 1846 gentes
581 1766 750 1831 Numidae:
793 1765 861 1831 Liv.
891 1765 1004 1830 XXIX.
1034 1769 1073 1828 23
1113 1765 1320 1847 »Hasdrubal

159 1889 278 1938 memor
292 1890 435 1954 —quam
454 1890 536 1937 vana
558 1879 590 1936 11
611 1872 773 1938 mutabilia
794 1872 998 1938 harbarorum
1018 1873 1248 1954 (Numidarum)
1275 1875 1322 1938 in·
1350 1881 1352 1884 ’

159 1979 252 2060 genia
288 1982 411 2044 esseut«
446 1981 505 2044 etc.
571 1979 679 2061 Polyb.
709 1979 794 2059 XHI,
827 1984 901 2060 1,4
939 2014 980 2024 -
1013 1979 1068 2043 διά
1093 1979 1153 2064 τὴν
1184 1980 1323 2065 φυσικὴν

158 2083 327 2168 Νομάδων
348 2085 526 2174 άψικορίοιν
547 2086 601 2149 καὶ
622 2087 678 2149 διά
698 2089 758 2169 cdo
779 2084 861 2170 πρός
881 2108 918 2148 cs
939 2087 1039 2160 θεούς
1054 2087 1109 2150 καὶ
1124 2085 1323 2168 ἀνθρώπους

159 2193 315 2258 ἀθεσίαν.
347 2227 377 2238 -
401 2191 539 2257 Laudem
561 2205 667 2258 autem
690 2192 806 2257 nullam
827 2193 940 2258 inveni.

241 2299 300 2365 His
321 2299 463 2364 omnibus
491 2298 584 2364 rebus
607 2299 758 2379 respectis
788 2299 828 2363 de
857 2299 977 2379 origiue
1006 2303 1039 2362 et
1066 2305 1161 2378 gente
1187 2302 1334 2364 auctoris,

160 2406 296 2488 Appiani
315 2411 433 2470 certum
450 2405 599 2488 J'udicium
620 2405 760 2487 prolerre
780 2406 862 2470 licet.
898 2405 976 2469 Nam
995 2403 1055 2470 etsi
1069 2404 1193 2486 quidam
1209 2424 1322 2486 graeco

163 2511 214 2574 vel
244 2528 370 2576 romano
409 2512 556 2594 scriptori
595 2512 730 2578 locorum
769 2513 985 2592 nominumque
1019 2510 1254 2576 Numidicorum
1289 2519 1323 2578 et

163 2617 347 2697 Libycorrnn
373 2618 515 2698 peritiam
547 2619 683 2683 tribuere
714 2635 879 2700 possumus
911 2624 1016 2682 tamen
1048 2617 1090 2682 ab
1122 2618 1160 2684 iis
1191 2637 1322 2700 prorsus

160 2723 296 2788 alienum
325 2729 374 2788 est
415 2743 465 2790 res
494 2725 634 2804 tradere,
679 2744 760 2807 quae
790 2727 827 2790 111
855 2743 945 2790 usum
973 2725 1179 2790 Numidarum
1212 2730 1322 2808 aperte

159 2830 295 2911 scriptae
316 2835 400 2913 sunt,
422 2851 479 2898 nec
500 2851 634 2914 unquam
655 2839 764 2898 auctor
784 2851 915 2914 graccus
937 2832 985 2898 vel
999 2850 1144 2896 romanus
1158 2833 1321 2913 Numidas,

158 2937 321 3018 despectos
350 2937 520 3020 barbaros,
547 2939 692 3005 laudibus
718 2940 887 3005 exornavit.
941 2939 1057 3017 Quibus
1084 2939 1122 3004 de
1142 2940 1242 3004 causis
1262 2958 1319 3020 pro

158 3048 244 3108 certo
266 3041 504 3127 affirmaverim,
527 3047 694 3128 Appiani
717 3052 925 3112 auctorem
946 3045 1141 3111 Numidam
1163 3046 1301 3114 luisse.

240 3149 302 3215 Sed
333 3151 461 3231 propius
496 3152 592 3218 etiam
628 3151 668 3218 ad
704 3159 850 3218 naturum
885 3153 980 3218 fontis
1016 3157 1048 3217 11
1075 3151 1177 3233 ipsum
1209 3170 1321 3218 nomen

159 3256 296 3322 auctoris
328 3256 477 3324 accedere
501 3275 685 3341 possumus⁷
725 3260 752 3324 si
786 3277 854 3325 eam
881 3259 1033 3324 rationem
1066 3258 1322 3342 contemplamur,

158 3379 240 3443 quae
261 3361 570 3432 interMassinissam
590 3365 739 3448 illumque
753 3366 927 3432 intercedit.
971 3365 1186 3431 Massinissam
1199 3367 1232 3431 in
1251 3372 1321 3432 tota

159 3469 342 3534 narratione
370 3471 503 3552 primunr
534 3473 635 3538 locum
665 3473 807 3538 obtinere
837 3475 902 3556 jam
931 3490 1028 3554 supra
1056 3472 1100 3555 (p.
1131 3475 1163 3554 7)
1194 3472 1321 3538 demon-

130 3618 132 3622 .
158 3575 338 3640 stravimus.
381 3577 463 3655 Quid
485 3579 569 3660 quod
598 3580 639 3646 ad
665 3579 884 3646 illustrandam
908 3587 940 3644 et
964 3579 1181 3645 celebrandam
1208 3579 1320 3645 Massi-

159 3681 263 3746 nissae
288 3681 421 3763 gloriam
448 3704 509 3751 non
536 3688 628 3753 modo
659 3689 756 3770 major
783 3705 856 3768 pars
886 3687 983 3752 totius
1015 3688 1206 3754 uenationis
1239 3705 1341 3752 romu

224 3857 250 3926 *J
275 3858 368 3915 Livius
393 3861 422 3916 lt
445 3877 485 3917 ce.
512 3879 594 3917 unum
619 3879 653 3916 ex
676 3860 752 3916 donis
774 3862 914 3933 (σφραγῖδα
938 3862 1064 3932 χρυσῆν),
1090 3878 1159 3932 quae
1177 3862 1320 3931 Appianus

158 3941 249 4014 habet,
267 3947 458 4014 praetermisit.
494 3948 589 4018 ltaque
606 3948 747 4018 Appianas
765 3948 808 4002 vel
828 3953 921 4004 auctor
939 3950 998 4019 ejus
1016 3949 1091 4004 nullo
1110 3947 1189 4004 modo
1210 3949 1319 4004 elisio

159 4043 208 4085 sua
225 4029 332 4088 haurire
349 4035 448 4102 potuit
