2848 4636
729 291 768 352 35

175 493 288 558 verba:
321 492 354 574 (d
382 493 419 556 δὲ
446 489 577 575 Σδφοιξ)
608 493 656 554 ἔτι
683 490 936 576 ὑποκρινόμενος
959 484 1043 558 εἶναι
1067 494 1159 576 φίλος
1184 493 1342 575 ἑκατέροις

175 599 230 684 (of.
256 605 326 678 ll),
348 618 428 681 quae
451 600 543 663 Dioni
566 605 758 681 repugnant,
778 619 839 666 non
860 602 1047 683 presserim;
1077 603 1170 665 immo
1193 601 1341 682 majorem

174 707 266 772 iidem
288 707 381 772 Dioni
404 706 549 772 tribuam.
571 741 613 752 -
958 713 961 718 '
985 777 987 782 ,

259 815 438 894 Sequuntur
459 832 511 878 res
533 818 641 895 gestae
662 813 736 878 anni
751 818 811 878 203
832 833 859 878 a
877 813 950 880 Ghr.
967 815 1024 880 Cn..
1038 813 1169 880 Servilio
1184 813 1341 894 Caepione

177 927 210 984 et
230 920 263 984 Ο.
286 920 415 985 Servilio
437 939 515 985 coss.

258 1028 351 1092 Initio
372 1027 464 1109 hujus
486 1027 569 1108 anni,
590 1027 699 1090 Zoni.
714 1029 775 1090 438
790 1025 829 1102 B;
851 1027 888 1092 ef.
910 1027 947 1091 fr.
964 1033 1014 1109 57,
1036 1031 1083 1107 72,
1105 1029 1192 1108 pacis
1214 1026 1341 1107 petitio,

177 1134 360 1199 Hannibalis
381 1140 413 1198 et
435 1134 578 1213 Magonis
602 1135 747 1198 decessus
768 1154 805 1198 ex
827 1134 931 1213 Italia,
952 1135 1129 1214 legatorum
1152 1135 1340 1198 Punicorum

177 1242 216 1305 ad
237 1247 343 1305 castra
358 1241 509 1322 Scipionis
527 1242 726 1305 devectorum
741 1240 879 1304 dimissio
899 1241 1038 1306 breviter
1058 1248 1340 1306 commemorantur

179 1368 216 1412 ex
238 1349 356 1412 incerto
376 1348 521 1429 -qnodam
551 1347 647 1412 fonte.
690 1349 792 1426 Quum
822 1357 926 1412 autem
955 1347 1016 1412 hoe
1045 1368 1095 1412 res
1127 1348 1188 1412 fine
1216 1347 1339 1411 demum
1419 1358 1421 1362 ’

176 1457 250 1520 anni
273 1460 332 1518 203
355 1455 457 1520 factae
478 1455 543 1519 sint
567 1461 599 1518 et
625 1456 691 1536 ipse
714 1455 855 1519 Zonaras
883 1455 988 1537 paullo
1009 1461 1082 1535 post
1103 1455 1227 1518 easdem
1251 1472 1341 1518 accu-

176 1561 275 1626 ratius
297 1561 488 1642 repetiverit,
510 1567 618 1625 nostro
636 1563 709 1643 jure
732 1563 905 1643 opinamur,
927 1563 1082 1625 Zonaram
1106 1561 1171 1643 (vel
1194 1562 1340 1632 Dioneml

178 1687 283 1734 erroro
307 1669 436 1732 ductum
459 1668 585 1732 easdem
606 1687 657 1733 res
681 1687 719 1732 ex
741 1669 874 1733 diversis
894 1668 1032 1732 lontibus
1053 1668 1099 1732 bis
1112 1687 1341 1732 enarrasse.-

176 1775 356 1840 Costrorum
386 1775 577 1856 incendium,
608 1776 683 1839 Zon.
711 1781 771 1840 438
793 1775 836 1856 D,
867 1795 904 1840 ex
932 1775 1021 1840 Livio
1048 1775 1147 1853 XXX,
1169 1777 1188 1840 3
1210 1792 1276 1854 sqq.
1307 1782 1340 1838 et

175 1883 257 1948 Juba
278 1880 374 1965 (App.
400 1882 535 1962 17--2ssl
553 1883 797 1946 contaminatum
820 1887 877 1946 est.
920 1882 1034 1946 ,iubam
1057 1882 1186 1963 sapiunt
1208 1880 1338 1944 haecce:

177 1987 335 2072 δΣύφοιξ
361 1988 582 2070 ἐπιβουλεύων
609 1986 772 2070 ἐφωράθη
798 1991 845 2069 τῷ
874 1994 1111 2074 Μοσσινίσσᾳς
1140 2007 1248 2053 veruna
1280 1989 1339 2052 hio
1366 2000 1373 2012 “

175 2096 272 2176 linuit,
293 2096 349 2160 hos
371 2096 499 2161 insidias
521 2102 687 2176 ruptorum
708 2095 903 2160 induciarum
925 2114 1052 2160 oausam
1069 2096 1175 2161 fuisse.
1218 2097 1338 2160 Deinde

175 2223 243 2269 cum
267 2203 350 2268 Joba
371 2204 429 2267 Dio
461 2204 491 2268 in
514 2221 551 2266 oa
579 2222 613 2266 re
641 2203 811 2282 consentit,
843 2203 926 2283 quod
952 2203 1223 2282 Carthaginienses
1251 2205 1338 2282 prius

173 2329 266 2392 quam
289 2312 459 2392 Syphacem
490 2311 690 2390 impugnatos
720 2315 753 2373 et
777 2309 928 2390 Syphacis
957 2310 1071 2374 milites
1099 2329 1188 2390 opem
1215 2310 1338 2374 laturos

177 2418 364 2481 aRomauis
391 2418 511 2483 occisos
540 2436 609 2481 esse
630 2417 738 2481 tradit.
781 2416 818 2482 cf.
842 2418 922 2498 App.
947 2422 995 2482 21.
1031 2455 1055 2462 -
1089 2418 1167 2481 Item
1195 2437 1232 2480 ex
1254 2418 1339 2483 Juba

143 2519 145 2524 ’
176 2523 372 2604 desumptum
393 2525 532 2604 videtur,
554 2524 637 2606 quod
667 2524 706 2590 de
734 2542 839 2606 pugna
867 2541 935 2589 cum
962 2524 1061 2589 Iberis
1084 2524 1117 2588 Ρ.
1141 2530 1166 2588 l.
1188 2530 1248 2588 439
1272 2531 1338 2587 tra-

177 2630 270 2694 ditur.
314 2630 437 2694 Certum
465 2631 617 2711 y'udioium
647 2631 685 2696 de
707 2650 746 2695 ea
772 2649 805 2695 re
831 2630 905 2696 ferri
927 2632 1051 2712 nequit,
1081 2631 1156 2712 quia
1177 2632 1337 2712 Appianas

175 2738 258 2802 inter
269 2755 355 2819 capp.
373 2743 410 2801 23
425 2743 457 2801 et
473 2741 512 2800 24
528 2739 626 2802 inulta
648 2739 740 2819 eJeoit
757 2744 789 2802 et
811 2739 894 2803 inter
908 2757 945 2802 ea
966 2739 1060 2802 etiam
1079 2738 1161 2802 illam
1184 2756 1332 2818 pugnam.

177 2845 251 2910 Sine
273 2845 365 2910 dubio
394 2845 453 2908 Dio
486 2844 639 2926 praelium
669 2846 701 2910 in
731 2846 847 2926 eampis
876 2846 997 2925 magnis
1032 2846 1148 2911 factum
1177 2847 1274 2910 sentit
1301 2846 1337 2910 ci.

174 2951 282 3032 Polyb.
301 2952 385 3031 XIV,
405 2956 438 3028 85
459 2951 491 3014 in
513 2957 652 3034 tompore
675 2952 886 3033 computando
909 2958 1014 3016 autem
1038 2959 1138 3032 errat,
1160 2971 1252 3034 quum
1274 2972 1337 3017 non

172 3063 300 3138 postero
322 3058 385 3136 dio,
414 3058 469 3121 sed
498 3057 563 3122 fere
591 3058 690 3122 totius
720 3059 834 3121 mensis
867 3058 971 3138 spatio
1001 3063 1076 3138 post
1096 3064 1268 3140 castrorum
1291 3060 1337 3122 in-

176 3163 316 3227 cendium
344 3163 387 3226 ihi
418 3169 591 3244 pugnatum
620 3163 677 3244 sit;
698 3163 804 3244 Polyb.
833 3164 853 3228 l.
881 3165 1052 3230 c.-Zon.
1074 3165 1181 3230 439ss
1210 3183 1227 3228 e
1256 3164 1338 3231 Juba

175 3270 329 3350 proelium
352 3271 476 3352 navale,
498 3269 707 3335 Hasdrubalis
728 3269 768 3334 ab
791 3270 919 3351 imperio
940 3271 1159 3352 remotionem,
1192 3273 1336 3352 coniura-

174 3377 291 3440 tionem
319 3377 480 3442 iberorum
509 3396 528 3441 a
557 3377 760 3442 Massinissae
798 3384 898 3442 matre
938 3378 979 3441 ad
1014 3377 1113 3441 lucem
1139 3384 1334 3458 protractam

176 3483 331 3563 eontinet,
360 3482 398 3547 of.
427 3487 505 3566 App.
538 3488 672 3548 24-30,
713 3484 773 3548 Dio
802 3483 859 3548 hoc
886 3483 952 3548 loeo
981 3484 1079 3548 multo
1108 3485 1217 3549 melius
1245 3503 1336 3566 quam

172 3592 336 3672 Appianus
358 3609 461 3655 rerum
484 3591 624 3658 ordinem
647 3592 794 3670 servavit,
822 3593 876 3671 qui
904 3591 935 3653 in
960 3609 1047 3672 capp.
1072 3595 1194 3655 24-30
1216 3592 1336 3656 mendis

172 3697 320 3778 abundat,
342 3716 422 3778 quae
444 3698 571 3762 dissolvi
593 3717 654 3762 non
674 3701 807 3778 possunt
828 3696 888 3761 nisi
904 3697 1028 3761 Zonara
1050 3697 1173 3762 collato.
1194 3732 1234 3742 -
1256 3698 1330 3761 Zon.

173 3803 231 3868 439
255 3802 317 3868 OD
335 3841 369 3850 -
386 3805 465 3886 4403
488 3803 573 3868 Cass
593 3805 651 3869 Dio
672 3803 709 3869 fr.
733 3809 781 3884 57,
805 3807 843 3866 73
866 3821 883 3866 e
904 3803 991 3869 Liuio
1005 3803 1104 3884 XXX,
1123 3809 1241 3868 ll-lb
1265 3809 1336 3867 orta

172 3918 253 3974 sunt.
296 3912 377 3976 Livii
397 3930 464 3993 cap.
489 3915 527 3974 12
551 3911 691 3976 conferas
712 3927 780 3977 oum
801 3909 883 3974 hisce
902 3911 1044 3976 Zonarae
1067 3911 1181 3976 uerbis:
1202 3911 1257 3972 καὶ
1276 3910 1336 3995 τήν

172 4014 270 4080 πόλιν
284 4018 472 4100 παρέλαβον
482 4017 618 4100 οἷμοέχως
630 4022 697 4092 τοῖς
712 4017 807 4083 ἔνδον
824 4015 1001 4100 δεδεμένον
1019 4016 1121 4082 αὐτόν
1133 4016 1334 4099 (Syphacem)
