2848 4636
648 270 687 330 3¹8

88 470 212 534 ἐκείνου
247 469 288 544 (ὅς
317 469 483 554 ὁμοφύλου
508 471 568 545 τοὶς
596 471 746 546 σπονδάς
770 467 900 555 ᾔτησεν·
938 473 1005 536 001Ἰ
1021 463 1106 558 ἦλθε
1130 479 1192 555 μὲν
1219 477 1252 550 ἐς

86 575 198 659 λόγους
218 583 375 644 Σκιπίωνι
393 579 431 643 ci.
455 579 532 660 App.
552 579 599 642 at.
648 577 798 644 Memoria
817 583 924 644 autem
947 579 1144 646 dimissorum
1165 582 1250 664 lega-

88 689 192 750 torum
215 704 253 749 ex
276 685 363 751 Livio
385 685 482 766 XXX,
505 689 544 750 29
566 690 637 750 orta
657 703 727 750 esse
747 685 884 767 videtum
912 705 1099 770 quamquam
1121 707 1250 770 prorsus

87 792 206 873 nescio,
236 793 284 858 cui
305 793 427 857 auctori
448 810 517 858 eam
544 811 609 858 rem
638 791 790 873 tribuam,
820 811 912 874 quam
933 793 1068 874 legimus
1086 796 1160 862 Zon.
1182 797 1200 860 i.
1223 817 1249 862 0.

86 897 170 964 hisce
190 899 292 966 verbis
314 917 510 981 expressam:
532 897 564 962 01
584 900 645 981 peip
666 897 725 962 δύο
747 899 875 982 (legati)
899 901 991 982 παροὶ
1007 905 1074 975 τοῖς
1086 901 1251 986 Ῥωμαίοις

24 1011 26 1017 ’
86 1009 197 1087 μεῖναι
217 1007 397 1090 ἠθέλησαν.
440 1007 523 1071 Num
544 1008 612 1087 ipse
634 1007 692 1071 Dio
713 1006 789 1072 haec
810 1006 924 1072 finxit?

168 1113 277 1178 Dionis
298 1119 402 1178 autem
429 1113 555 1194 ingenio
577 1114 644 1178 sine
672 1113 766 1179 dubio
790 1114 987 1180 tribuendum
1010 1120 1075 1198 est,
1103 1117 1186 1198 quod
1210 1117 1248 1182 de

88 1219 240 1300 colloquio
262 1227 295 1284 et
317 1220 355 1284 de
378 1219 458 1300 (1010,
479 1239 570 1302 quem
594 1226 703 1286 contra
721 1220 928 1286 Hannibalem
944 1221 1045 1303 Scipio
1060 1223 1249 1288 moliebatur

85 1325 196 1407 habet3
235 1327 310 1391 talia
336 1325 453 1407 fingere
481 1345 501 1392 a
535 1328 737 1410 scriptoribus
766 1327 906 1408 antiquis
937 1347 998 1394 000
1026 1329 1157 1394 alienum
1186 1338 1247 1411 est,

86 1433 176 1498 facile
195 1439 300 1499 autem
324 1433 428 1514 vides,
450 1433 582 1499 Dionem
603 1453 654 1499 res
670 1433 760 1499 fictas
784 1435 953 1504 tradidisse
975 1436 1002 1500 si
1023 1436 1102 1517 App.
1125 1441 1245 1500 38—39

86 1541 221 1621 inspicio,
238 1559 275 1604 ex
291 1559 351 1622 quo
366 1547 509 1622 apparet,
529 1560 664 1622 pugnam
674 1543 853 1606 Zamensem
871 1561 934 1606 non
944 1543 1051 1607 statim
1065 1548 1137 1626 post
1152 1543 1245 1608 collo·

85 1648 188 1730 quium
223 1648 337 1714 100100(
365 1666 443 1716 0000.
493 1649 622 1729 Pugnae
650 1649 809 1712 Zamensis
841 1649 1008 1730 descriptio
1036 1650 1172 1714 maxima
1208 1669 1245 1714 ex

84 1760 175 1836 parte
197 1775 214 1818 e
233 1755 316 1820 Juba
342 1760 411 1818 orta
436 1772 505 1819 0000
526 1755 657 1820 videtur.
700 1755 774 1820 Sine
797 1755 889 1820 dubio
919 1757 1000 1820 euim
1019 1775 1074 1838 ea,
1104 1756 1246 1836 quaeda

84 1861 151 1928 loco
178 1867 210 1926 et
239 1866 381 1942 tempore
406 1879 530 1942 pugnae
560 1862 642 1944 apud
660 1862 740 1946 Xon.
760 1861 795 1928 P.
819 1867 844 1925 1.
864 1867 924 1926 442
946 1863 973 1925 B
992 1863 1017 1928 G
1039 1862 1185 1942 leguntur
1206 1862 1247 1926 ad

86 1970 200 2035 Jubam
225 1968 356 2034 redeunt
375 1967 430 2051 (cf.
452 1969 530 2049 App.
549 1967 616 2051 40).
657 1969 731 2050 Ipsa
748 1987 873 2050 pugnae
894 1969 1034 2032 usuratio
1058 1977 1122 2033 tam
1144 1970 1247 2034 brevis

83 2083 116 2142 et
138 2077 170 2141 in
192 2083 361 2158 angustum
384 2080 492 2140 coacta
513 2081 576 2159 001,
605 2080 642 2139 01
663 2074 702 2141 (10
722 2082 850 2140 auctore
872 2075 939 2157 ejus
957 2081 1076 2139 certum
1094 2073 1247 2157 judicium

83 2183 166 2248 ferre
189 2202 249 2247 000
273 2184 415 2248 audeam.
458 2182 569 2263 Pugna
587 2182 753 2262 singularis
774 2182 859 2270 inter
877 2180 1092 2246 Massinissam
1111 2185 1145 2246 et
1161 2181 1248 2246 Han·

83 2291 215 2356 nibaiem
251 2291 417 2356 commissa
454 2307 514 2353 000
542 2307 669 2370 prorsus
708 2289 814 2352 eodem
846 2288 936 2352 modo
970 2288 1054 2370 apud
1083 2293 1247 2370 utmmqne

7 2442 10 2450 ,
87 2397 289 2479 describitur3
319 2396 374 2461 sed
400 2397 431 2460 in
453 2396 548 2460 rebus
576 2395 691 2458 levibus
714 2400 824 2459 neuter·
844 2413 943 2476 neque
965 2397 1126 2476 Appianus
1146 2413 1247 2475 neque

85 2506 144 2570 Dio
166 2504 303 2570 auctoris
323 2504 371 2568 sui
399 2502 532 2584 vestigia
560 2501 725 2582 diligenter
747 2501 833 2582 sequi
855 2501 945 2566 solet.
997 2503 1044 2566 De
1064 2519 1139 2584 paee
1161 2501 1245 2566 10010

83 2612 280 2692 foederisque
301 2610 419 2690 legibus
442 2609 533 2693 (Zon.
555 2613 615 2674 443
637 2610 663 2672 Α
683 2607 726 2691 Β)
752 2607 818 2690 jam
845 2608 990 2674 Nissen
1021 2608 1084 2691 (De
1111 2627 1187 2689 pace
1216 2627 1244 2673 a.

85 2724 141 2783 201
161 2717 267 2784 Carth.
291 2718 366 2782 (1010
384 2735 414 2798 p.
430 2715 466 2800 8)
488 2717 613 2796 monuit,
637 2716 765 2780 Dionem
786 2715 850 2779 iere
872 2715 1003 2779 medium
1026 2716 1108 2778 inter
1124 2716 1244 2780 Livium

85 2823 281 2910 (Polybium)
302 2830 334 2889 et
348 2825 524 2905 Appianum
546 2823 645 2888 locum
668 2821 826 2900 obtinere;
849 2821 898 2885 cui
920 2820 1095 2884 sententiae
1116 2841 1245 2902 prorsus

83 2931 206 2998 accedo.
249 2932 340 3013 Ipsae
361 2932 446 3012 pacis
462 2933 545 3011 teges
562 2949 620 2996 nou
637 2947 674 2993 ex
690 2929 711 2994 J
713 2928 775 2993 uba
793 2933 881 2992 ortae
898 2926 1042 2991 videntur
1060 2926 1114 3010 (ci.
1132 2929 1245 2994 Nissen

82 3060 111 3122 p.
141 3041 194 3120 18)
232 3056 417 3120 quamquam
449 3044 575 3118 propter
606 3037 795 3101 narrationis
834 3035 1020 3098 brevitatem
1050 3035 1127 3100 certi
1155 3037 1245 3117 qnid-

83 3165 174 3228 quam
207 3147 257 3210 vix
289 3145 326 3210 de
356 3146 394 3210 iis
425 3144 524 3208 evinci
549 3151 663 3224 potest.
719 3143 767 3206 Ex
800 3158 863 3222 quo
897 3145 1026 3206 auctore
1056 3140 1139 3204 fama
1173 3147 1266 3231 orta

83 3255 141 3332 sit,
182 3251 458 3332 Carthaginienses
499 3249 632 3329 primum
670 3249 709 3312 ad
752 3246 942 3312 tolerandam
978 3247 1170 3314 obsidionem
1211 3268 1245 3314 se

82 3378 226 3442 parasse,
248 3359 369 3435 neseio;
397 3375 468 3422 narn
492 3354 596 3420 nullus
619 3373 721 3418 rerum
746 3354 879 3434 scriptor
900 3373 967 3418 eam
990 3353 1094 3419 habet.
1116 3390 1153 3402 -
1181 3357 1244 3421 Res

82 3468 201 3532 Romae
230 3472 317 3532 aetas
346 3464 469 3530 Livium
490 3461 589 3542 XXX,
612 3465 651 3526 42
674 3480 740 3542 sqq.
770 3468 894 3525 secutus
918 3461 976 3524 Dio
1006 3461 1173 3526 tradidisse
1198 3463 1244 3526 vi·

83 3575 186 3640 detur.
229 3573 343 3638 Jubom
365 3576 471 3638 autem
499 3570 577 3636 haec
599 3569 693 3632 verba
714 3567 867 3632 indicant:
898 3570 945 3648 τῷ
964 3572 1185 3652 Μασσινίσσᾳ
1206 3558 1244 3631 (11

82 3679 114 3744 od
133 3679 241 3744 λοιποὶ
262 3679 346 3763 (τῶν
367 3675 572 3762 ἐλεφάντων)
594 3674 820 3762 ἐδωρήθησαν.
843 3709 881 3720 -
913 3675 1026 3756 ltaque
1046 3675 1096 3740 hic
1115 3693 1242 3757 quoque

82 3787 168 3854 loeus
189 3806 206 3853 e
228 3786 317 3853 Livio
339 3793 372 3852 et
395 3785 479 3852 Juba
499 3785 730 3852 0001001001υο
751 3783 883 3850 uidetur.
904 3817 946 3830 -

518 3993 807 4004 -..—.-.-—...
