2848 4636
698 319 733 380 31

135 539 230 586 causa
250 520 399 585 nonnidla
420 539 458 586 ex
479 539 536 586 suo
557 521 689 604 fingere,
719 539 811 603 quam
833 539 937 585 veram
958 537 1061 585 rerum
1080 518 1296 584 narrationem

135 629 273 709 recipcre
294 627 413 693 maluit.

217 733 319 816 Major
355 735 454 800 nostri
489 734 703 815 neglegentia,
755 751 795 798 ne
830 733 930 798 dicam
964 731 1118 813 socordia,
1158 733 1189 796 in
1224 738 1300 797 tem-

134 841 262 922 poribus
293 842 510 923 computandis
539 846 595 906 est.
656 841 735 904 Nam
763 841 795 904 in
827 858 864 904 ea
891 845 982 921 parte
1011 839 1176 918 historiae,
1205 855 1299 918 quam

135 953 323 1029 tractamur,
355 949 441 1014 nullo
466 948 532 1013 Ioco
560 964 660 1012 annus
683 952 768 1011 certe
789 945 999 1028 indicatur*),
1035 962 1224 1028 quamquam
1246 963 1297 1010 res

135 1056 174 1118 ab
196 1073 280 1120 anno
299 1059 359 1120 256
380 1071 409 1118 a.
433 1054 504 1120 Chr.
526 1055 616 1136 (sane
637 1053 787 1133 breviter)
816 1054 848 1118 in
876 1053 980 1118 Africa
1011 1060 1118 1133 gestae
1132 1041 1133 1046 ’
1148 1054 1179 1116 in
1210 1070 1298 1132 capp.

140 1166 248 1227 1-66.
265 1168 513 1226 enarrantur.-
525 1162 587 1228 Sed
603 1179 665 1225 non
681 1161 772 1226 modo
786 1179 885 1226 annos
900 1179 959 1225 non
975 1159 1159 1242 significare,
1182 1177 1300 1240 verum,

138 1267 219 1348 qnod
241 1268 342 1349 majus
364 1269 473 1333 vitium
496 1273 560 1348 est,
588 1273 728 1347 tempora
748 1268 828 1332 i'aiso
851 1268 988 1332 indicare
1010 1268 1105 1348 soiet3
1137 1266 1219 1348 quod
1240 1266 1299 1332 hoc

138 1374 275 1455 exemplo
304 1375 398 1440 liceat
428 1375 593 1440 illustrare.
642 1374 690 1438 Ex
719 1374 808 1438 Livio
835 1374 951 1455 XXIX,
969 1379 1018 1454 35,
1043 1379 1079 1440 13
1100 1380 1169 1440 ete
1198 1374 1298 1438 Dione

135 1481 173 1546 fr.
197 1488 245 1563 57,
265 1486 399 1546 67-70.
422 1482 508 1562 (Zon.
528 1481 563 1546 P.
588 1486 613 1544 i.
635 1485 696 1545 438
718 1480 769 1562 Β.)
797 1481 925 1559 scimuS,
954 1485 1025 1562 post
1046 1480 1155 1546 Uticae
1179 1482 1298 1546 irritam

135 1591 397 1670 oppugnationem
420 1587 474 1670 (ci.
498 1591 576 1670 App.
602 1587 670 1668 16),
692 1587 823 1652 hiemem
845 1588 918 1652 anni
942 1585 1032 1661 20413
1053 1587 1156 1654 fuisse.
1209 1587 1299 1654 Hauc

136 1697 299 1777 Appianus
320 1715 337 1759 a
357 1695 584 1761 consuetudine
605 1713 663 1759 sua
685 1697 777 1776 piane
799 1695 918 1773 omisit,
950 1695 1032 1776 quod
1053 1695 1215 1775 scriptori,
1245 1694 1299 1776 qni

137 1803 172 1866 ἐκ
195 1802 427 1886 διαστημάτων
445 1802 495 1878 (ci.
517 1801 628 1884 praei.)
660 1809 800 1882 tempora
827 1801 966 1867 indicare
995 1801 1054 1865 sibi
1082 1807 1298 1882 proposuerat,

136 1909 382 1974 condonaverim.
424 1909 505 1987 quid
527 1916 640 1989 autem,
662 1909 743 1990 quod
758 1908 862 1988 paullo
878 1914 950 1989 post
971 1910 1001 1972 in
1017 1926 1084 1990 cap.
1100 1911 1148 1971 25.
1170 1924 1298 1988 prorsus

136 2015 216 2082 falso
246 2017 314 2082 ioco
343 2017 450 2081 hiemis
479 2023 572 2081 autea
591 2017 831 2098 praetermissae
862 2015 1047 2080 mentionem
1077 2014 1175 2080 facit?
1206 2014 1300 2080 Dicat

136 2122 271 2188 fortasse
293 2124 413 2205 aliquis,
438 2123 611 2205 Appianum
634 2123 666 2186 in
689 2139 755 2202 cap.
772 2127 821 2186 25.
841 2122 971 2186 hiemem
992 2122 1066 2186 anni
1089 2119 1181 2185 20312
1203 2120 1299 2202 signi-

136 2230 245 2310 ficare;
283 2231 337 2296 sed
366 2248 441 2296 cave
476 2248 579 2311 orres3
619 2247 691 2293 nam
721 2230 751 2292 in
787 2247 874 2309 capp.
898 2233 933 2292 31
959 2245 1026 2308 sqq.
1056 2246 1108 2292 res
1130 2234 1298 2292 auctumno

130 2339 209 2403 'anni
230 2343 289 2402 203
312 2351 419 2418 gestae
441 2337 628 2402 referuntur.
652 2371 690 2382 --
714 2336 833 2416 Atque,
862 2340 899 2400 ut
918 2352 1007 2399 error
1029 2352 1165 2399 errorem
1188 2334 1298 2414 gignit,

139 2445 298 2524 Appianas
317 2446 349 2508 in
371 2461 436 2525 cap.
459 2449 507 2508 26.
537 2461 665 2524 prorsus
692 2441 770 2506 falso
793 2441 905 2521 tradit,
936 2440 1164 2522 expeditionem
1186 2446 1298 2505 contra

138 2549 309 2631 Syphacem
332 2551 429 2615 hieme
449 2550 564 2616 factam
586 2567 668 2630 esse,
696 2567 791 2629 quum
812 2566 830 2612 e
850 2547 980 2628 Polybio
1001 2554 1033 2613 et
1057 2547 1144 2614 Livio
1166 2551 1298 2626 constet,

136 2675 205 2720 eam
225 2662 348 2722 aestate
369 2676 395 2721 a.
419 2660 486 2722 203.
510 2676 578 2722 esse
600 2663 786 2739 susceptam.
1213 2665 1214 2670 ’

141 2935 143 2942 1
204 2904 234 2966 *J
268 2905 296 2956 in
321 2919 380 2969 cap.
403 2906 435 2956 67
470 2902 576 2957 demum
606 2918 691 2955 annus
725 2901 802 2967 isque
835 2900 901 2954 satis
932 2901 1035 2956 incerte
1066 2899 1213 2968 profertur:
1257 2897 1297 2946 not

134 2990 288 3047 diremtio&
307 2993 333 3041 ἐν
351 2989 524 3056 τοῑςἛλληου
542 2977 606 3055 ἦσαν
624 2989 689 3046 ἀμφὶ
705 2987 752 3044 τάς
770 2989 859 3036 ἑκατόν
877 2988 916 3036 καὶ
926 2987 1110 3056 τεσσαράκοντα
1121 2987 1162 3034 arri
1175 2990 1298 3052 τέσσαρας

134 3073 270 3128 ἳο4-201
292 3091 315 3128 a
335 3075 395 3129 Chr.
